2932 5626
718 553 926 617 ,58-

298 746 433 801 momum,
456 746 514 784 nux
536 730 672 802 cypressi,
696 732 803 799 costus,
826 729 997 803 amygdalae.
1030 762 1072 772 -
1105 730 1256 787 Medicinae
1277 748 1344 787 vero

297 815 412 888 frigidae
435 819 481 870 aut
496 816 536 872 eis
554 816 694 888 proximae
716 816 865 888 aperitivae
887 819 915 872 et
937 815 1110 890 deopilantes
1134 820 1210 872 sunt:
1234 817 1345 872 endivia

297 904 423 974 utraque,
447 901 560 971 cicorea,
584 917 656 974 aqua
681 901 857 974 plantaginis,
880 901 958 956 radix
980 905 1008 958 et
1029 901 1105 973 lolia,
1129 905 1242 958 ousouta
1262 902 1344 959 valde

299 989 394 1060 aperit,
423 985 561 1056 reubarb,
589 986 719 1057 absinth,
750 1003 821 1060 quae
843 989 968 1061 quamvis
989 987 1109 1044 habeant
1129 1005 1228 1062 parum
1250 988 1344 1043 calidi-

298 1074 363 1129 tatis
385 1088 440 1127 nou
462 1075 554 1128 tamen
576 1074 689 1145 nocent,
713 1074 893 1146 eupatorium,
917 1073 1026 1146 amygd.
1050 1090 1114 1144 am,
1138 1090 1235 1130 succus
1256 1073 1344 1130 foeni-

299 1158 363 1229 culi,
390 1158 512 1231 lupinus,
540 1173 611 1231 quae
638 1160 680 1213 est
705 1158 804 1214 melior
824 1158 962 1215 medicina
983 1175 1053 1232 quae
1075 1160 1213 1232 quaeritur
1234 1160 1263 1214 in
1285 1161 1344 1232 opi·

296 1245 398 1300 latione
413 1245 502 1317 epatis
517 1244 575 1299 sive
592 1243 681 1298 calida
697 1245 755 1299 sive
769 1243 877 1317 frigida.
900 1276 941 1285 —
964 1243 1152 1300 Coulortantia
1167 1248 1231 1300 sunt
1252 1261 1345 1301 amara

295 1331 406 1404 pontica
427 1333 459 1385 ut
480 1329 648 1386 absinthium
670 1331 698 1385 et
719 1330 820 1385 similia
839 1331 869 1385 in
891 1347 975 1386 causa
996 1329 1095 1401 calida,
1117 1329 1250 1401 herberia,
1270 1346 1343 1401 rosa,

296 1415 412 1486 sandali,
434 1415 563 1489 spodium
585 1417 613 1471 et
635 1415 743 1470 similia.
781 1414 817 1471 Et
831 1417 901 1471 scias
917 1415 992 1489 quod
1007 1418 1102 1472 cortex
1123 1416 1268 1472 medianus
1290 1416 1344 1473 ira-

295 1503 362 1571 xini,
386 1500 450 1572 alvi,
474 1501 565 1556 salicis
586 1500 705 1556 multum
727 1500 869 1574 deopilant
896 1503 924 1557 et
948 1503 979 1556 in
1008 1518 1091 1557 causa
1120 1502 1220 1575 frigida
1252 1507 1347 1558 cortex

295 1586 439 1643 medianus
461 1589 591 1659 genestae
613 1589 657 1642 est
678 1588 807 1660 optimus.
831 1619 871 1629 —
893 1586 1045 1645 Medicinae
1067 1603 1132 1643 vero
1149 1590 1344 1645 convenientes

295 1672 438 1746 opilationi
464 1672 567 1746 splenis
595 1674 660 1728 suut
686 1674 768 1728 istae:
797 1676 891 1728 cortex
913 1673 1013 1729 radicis
1036 1675 1172 1747 capparis,
1200 1673 1345 1747 scolopen-

269 1772 272 1778 ’
295 1758 363 1830 dria,
387 1758 579 1830 thamariscus,
602 1757 716 1829 fructus,
743 1758 848 1832 lignum
870 1761 898 1814 et
920 1762 1012 1815 cortex
1034 1763 1157 1815 extrema
1179 1759 1280 1830 saliciS,
1303 1777 1345 1816 se-

294 1862 358 1901 men
381 1846 444 1917 agni
466 1845 543 1915 casti,
570 1860 676 1915 acorus,
700 1860 798 1899 succus
815 1847 976 1901 centaureae
999 1845 1121 1914 minoris
1147 1846 1343 1918 camepitheos,

295 1929 463 2000 camedreos,
487 1931 680 1998 armoniaoum,
704 1929 793 2004 lupini
808 1931 901 2001 amari,
925 1933 1032 1986 acetum
1047 1931 1225 2003 squilliticum
1240 1935 1268 1987 et
1283 1933 1344 2003 ejus

294 2032 427 2089 syrupus3
450 2016 518 2072 haec
534 2016 615 2071 enim
637 2015 781 2071 conferunt
802 2017 891 2089 spleni
912 2015 1023 2090 lapideo
1042 2018 1204 2088 juvameuto
1226 2017 1344 2072 multum

293 2101 439 2158 manifesto
469 2101 622 2157 secundum
648 2100 822 2175 Serapion.
846 2102 864 2157 l.
881 2101 919 2157 lV
942 2118 1002 2176 cap.
1027 2101 1061 2157 de
1085 2119 1149 2158 cura
1175 2103 1342 2174 hujusmodi.

293 2219 334 2229 -
357 2186 399 2242 lix
421 2187 463 2242 his
486 2190 514 2243 et
536 2203 571 2242 ex
596 2187 676 2242 dictis
704 2189 733 2242 in
756 2187 847 2243 areola
868 2187 1008 2261 praedicta
1029 2190 1123 2262 potest
1144 2188 1262 2262 diligens
1285 2205 1344 2244 sco-

293 2273 358 2329 laris
374 2272 501 2345 colligere
516 2272 654 2346 generalia
666 2273 829 2344 juvamenta
851 2290 888 2328 sc.
906 2273 1040 2329 conficere
1056 2291 1173 2348 syrupos
1196 2276 1224 2330 et
1239 2274 1343 2330 electu·

294 2360 350 2414 aria
372 2358 541 2415 conferentia
572 2360 646 2432 epati
672 2361 700 2415 et
722 2359 812 2432 spleni
839 2359 992 2415 secundum
1021 2376 1133 2415 suarum
1155 2360 1342 2416 diversitatem

293 2447 453 2519 passionum
468 2445 554 2517 magis
570 2445 701 2519 specialia
714 2445 853 2518 requirere
867 2447 896 2500 in
911 2445 1026 2518 taquiuo
1034 2438 1086 2520 116)
1103 2447 1285 2520 supraposito.
1302 2478 1344 2487 —

291 2833 388 2890 Dicto
412 2834 451 2889 de
480 2833 662 2890 medicinis
689 2831 947 2889 conferentibus
974 2832 1131 2889 membris
1164 2835 1342 2890 nutritivis

292 2918 442 2975 dicamus
477 2920 515 2976 de
548 2918 727 2975 medicinis
762 2916 1015 2974 conferentibus
1041 2919 1195 2976 membris
1222 2920 1342 2994 expul-

585 3005 689 3061 sionis
711 3007 746 3059 ut
768 3007 845 3059 sunt
865 3005 1043 3075 intestina,

291 3136 319 3189 et
339 3133 454 3188 istarum
477 3132 675 3189 medicinarum
697 3130 834 3204 quaedam
850 3131 995 3188 conferunt
1010 3133 1181 3203 evacuando,
1206 3133 1341 3206 quaedam

291 3218 514 3291 constringendo,
538 3219 674 3292 quaedam
697 3217 820 3274 dolorem
841 3216 974 3287 sedando,
998 3218 1132 3291 quaedam
1147 3220 1341 3275 ventositatem

291 3303 488 3373 consumendo,
516 3304 653 3377 quaedam
676 3319 782 3360 vermes
804 3302 992 3359 interficiendo
1021 3305 1092 3360 sicut
1117 3307 1214 3377 postea
1236 3306 1340 3378 specia-

290 3390 343 3445 lius
359 3389 497 3446 videbitur
511 3389 696 3445 enumerando
711 3388 862 3445 medicinas
878 3389 1031 3446 secundum
1046 3389 1171 3445 ordinem
1186 3389 1339 3464 alphabeti:

374 3468 667 3549 Amiterberis1¹⁷)
689 3476 707 3532 i.
725 3490 749 3530 e.
772 3473 895 3530 berberis
918 3476 1027 3548 stringit
1053 3479 1081 3531 et
1103 3475 1209 3531 confert
1230 3493 1340 3532 rasurae

290 3566 317 3617 et
338 3561 427 3617 fluxui
450 3562 600 3634 sauguinis.
624 3592 665 3602 —
687 3561 832 3616 Anisum
848 3561 956 3634 stringit
969 3577 1066 3634 parum
1082 3563 1146 3633 quia
1160 3578 1258 3634 parum
1272 3578 1340 3634 pon-

288 3649 383 3718 ticum,
408 3649 435 3703 et
457 3646 584 3703 ablutum
600 3649 642 3702 est
657 3646 756 3702 melius
773 3645 925 3702 secundum
940 3646 1016 3702 Hali
1039 3648 1103 3720 quia
1125 3647 1228 3704 ablutio
1251 3647 1341 3702 aufert

289 3734 427 3806 quandam
449 3734 597 3789 acuitatem
619 3748 702 3806 quam
723 3731 816 3788 habet.
839 3764 880 3773 -
903 3732 1093 3789 Avellauae
1117 3737 1210 3788 cortex
1233 3721 1340 3805 stringit

288 3821 413 3875 ventrem
435 3820 500 3892 quia
521 3819 680 3892 stypticum.
714 3849 755 3858 -
787 3819 932 3874 Aoetosa
953 3821 981 3874 et
1003 3834 1098 3875 semen
1120 3820 1180 3891 ejus
1203 3819 1340 3891 stringunt

288 3907 316 3961 et
329 3906 438 3978 proprie
455 3905 568 3960 saniem.
595 3935 630 3944 -
656 3903 751 3976 Aqua
772 3902 900 3976 frigida
915 3906 1009 3976 potata
1024 3905 1133 3977 stringit
1146 3903 1252 3959 fluxum
1268 3904 1339 3960 cole-

286 3991 372 4047 ricum
396 3990 583 4064 extinguendo
598 3990 705 4046 colerae
725 3990 859 4047 ardorem.
883 4020 924 4030 -
946 3989 1060 4063 Adeps
1082 4005 1198 4046 renum
1221 4005 1339 4063 caprae

287 4077 396 4150 stringit
429 4077 576 4132 acuitatem
603 4075 709 4133 colerae
736 4074 898 4148 mitigando.
943 4074 1013 4132 Item
1040 4075 1191 4150 interponit
1217 4091 1247 4131 se
1268 4077 1340 4131 inter
