2932 5626
619 445 848 511 -108-

609 664 857 722 Reubarbarum

211 796 253 849 θεῖ
268 792 420 849 secundum
435 791 546 849 Mesue
564 809 598 848 ex
613 792 756 849 medicinis
772 793 925 849 benedictis
940 796 967 848 et
982 809 1017 848 ex
1039 807 1071 848 eo
1093 795 1135 848 est
1156 790 1255 846 mehus

211 878 286 952 quod
308 882 350 935 est
372 878 531 952 subnigrum
554 879 695 935 declinans
718 879 753 934 ad
774 877 945 949 rubedinem,
968 879 996 932 in
1018 876 1140 951 pondere
1162 892 1255 950 grave,

209 966 238 1019 in
266 965 419 1020 substantia
448 981 550 1035 rarum,
582 966 612 1020 in
638 980 692 1037 quo
720 966 858 1020 invenitur
884 964 1048 1037 disgregatio
1075 979 1110 1019 ex
1136 961 1206 1017 ruffo
1229 964 1257 1017 et

210 1050 306 1123 glauco
321 1051 430 1123 tingens
446 1052 476 1105 ut
495 1066 590 1106 crocus
606 1052 633 1106 et
651 1053 695 1106 est
715 1067 824 1120 reeens3
848 1049 968 1106 calidum
989 1051 1032 1105 est
1053 1051 1081 1105 et
1103 1049 1206 1104 siceum
1228 1048 1257 1103 in

211 1129 245 1192 2ο
266 1135 366 1208 gradu3
394 1137 422 1191 in
449 1138 510 1210 ipso
537 1139 580 1192 est
606 1137 752 1209 permixtio
774 1135 945 1192 substantiae
967 1151 1071 1211 aqueae
1093 1137 1121 1190 et
1142 1135 1256 1205 terreae,

210 1222 410 1296 propterquod
426 1222 510 1278 habet
525 1223 664 1296 quandam
680 1223 878 1296 stypticitatem
893 1224 921 1278 et
935 1224 977 1277 est
998 1222 1027 1276 in
1049 1236 1081 1277 eo
1103 1219 1258 1276 substantia

210 1311 290 1363 aerea
315 1307 384 1364 dans
411 1309 437 1363 ei
463 1309 602 1364 raritatem
629 1307 798 1364 substantiae
825 1311 853 1364 et
873 1307 972 1364 ultimo
995 1309 1038 1363 est
1059 1308 1085 1362 ei
1107 1305 1257 1362 adveniens

209 1393 326 1466 igneitas
342 1393 415 1466 [245
429 1414 435 1448 :
449 1393 539 1467 quasi]
554 1393 699 1466 perficiens
715 1410 786 1467 quae
807 1392 881 1467 (245
895 1415 900 1449 :
914 1392 990 1467 que),
1013 1409 1096 1464 agens
1112 1393 1139 1446 in
1162 1392 1256 1454 terrei·

209 1481 294 1534 tatem
309 1480 396 1552 ipsius
411 1479 478 1534 facit
499 1477 605 1553 eum(!)
621 1496 682 1535 esse
697 1497 828 1535 amarum.
865 1478 901 1534 Et
922 1478 1066 1534 sciendum
1088 1476 1162 1551 quod
1184 1493 1256 1532 com-

209 1563 303 1637 plexio
319 1566 485 1638 operationis
505 1565 649 1620 solutionis
673 1569 701 1621 et
722 1565 915 1640 exopilationis
938 1581 988 1638 per
1007 1566 1100 1638 ipsum
1121 1562 1194 1618 facta
1215 1565 1258 1618 est

210 1666 259 1723 per
286 1649 439 1705 dominium
466 1650 548 1706 calidi
572 1651 601 1705 in
628 1650 772 1724 superficie
798 1651 942 1706 existentis
964 1652 992 1706 et
1013 1650 1170 1705 consecutio
1193 1664 1257 1704 con-

209 1736 350 1791 tractionis
377 1737 436 1792 sive
463 1737 671 1809 constipationis
700 1736 775 1792 faeta
800 1752 850 1810 per
874 1737 965 1809 ipsum
992 1738 1035 1791 est
1060 1751 1076 1789 a
1102 1734 1258 1790 substantia

210 1824 298 1877 terrea
324 1822 444 1895 styptica
470 1825 582 1895 propter
608 1822 682 1895 quod
704 1822 806 1877 infusio
828 1823 887 1878 sive
909 1821 1032 1878 decoctio
1056 1823 1165 1895 separat
1185 1821 1258 1876 inter

210 1908 370 1979 igneitatem
385 1907 586 1980 superficialem
602 1912 629 1963 et
643 1909 809 1964 tantitatem
824 1907 974 1963 centralem
987 1906 1062 1962 unde
1077 1905 1187 1980 quando
1206 1921 1257 1961 nos

211 1993 368 2064 quaerimus
388 1993 595 2062 abstersionem,
619 1993 783 2049 solutionem
806 1996 853 2048 aut
875 1993 1055 2067 opilationum
1078 1992 1256 2065 apertionem,

210 2077 307 2132 damus
321 2078 413 2150 ipsum
427 2080 457 2133 in
476 2078 615 2135 infusione
638 2079 755 2150 alicujus
777 2080 829 2147 rei;
853 2078 963 2153 quando
986 2081 1079 2134 autem
1100 2077 1256 2151 quaerimus

210 2165 426 2220 contractionem
440 2164 485 2220 vel
501 2165 729 2238 constipationem
745 2164 842 2220 damus
861 2166 953 2238 ipsum
975 2167 1093 2232 coctum,
1116 2165 1144 2219 et
1164 2179 1258 2218 assum

209 2248 401 2304 vehementius
417 2251 587 2322 constringit,
602 2250 677 2305 unde
692 2251 819 2305 conuitio
834 2249 983 2306 vehemens
998 2248 1111 2305 resolvit
1128 2249 1258 2303 virtutem

208 2333 357 2390 laxativam
385 2336 457 2391 sieut
483 2335 615 2392 decoctio.
660 2335 818 2391 Infunditur
843 2337 895 2391 sic:
928 2335 1059 2391 inciditur
1080 2336 1172 2390 autem
1194 2350 1258 2389 eum

209 2419 310 2476 cutello
337 2419 515 2477 subtilissime
542 2423 570 2477 et
595 2422 708 2494 ponitur
733 2422 762 2476 in
788 2437 903 2495 vespere
931 2423 958 2476 in
988 2437 1048 2477 sero
1075 2421 1188 2494 caprino
1211 2421 1260 2475 aut

208 2506 321 2561 vaccino
341 2508 369 2562 et
389 2507 418 2561 in
437 2523 517 2562 mane
537 2506 643 2561 colatur
662 2509 690 2562 et
704 2506 851 2563 exhibetur
864 2523 913 2580 per
932 2524 962 2562 εθ
984 2505 1029 2562 vel
1051 2521 1113 2560 cum
1136 2504 1260 2561 colatura

209 2590 356 2663 myrobal.;
385 2594 413 2647 et
439 2594 462 2647 si
485 2593 642 2665 quaerimus
664 2592 880 2667 deopilationem
900 2593 988 2667 ipsius
1010 2594 1039 2647 et
1059 2591 1259 2646 abstersionem

209 2678 308 2750 spatie,
330 2677 493 2733 infundatur
511 2679 540 2732 in
560 2693 632 2750 aqua
653 2677 822 2734 decoctionis
844 2677 969 2734 endiriae
991 2693 1061 2750 quae
1084 2693 1154 2750 opus
1177 2693 1259 2732 suum

208 2761 367 2835 magnificat
380 2765 408 2818 et
423 2765 525 2837 spicae,
549 2763 623 2836 quod
639 2767 681 2819 θεῖ
701 2764 726 2819 ei
748 2764 889 2839 proprium
908 2765 1101 2835 juvamentum
1124 2779 1186 2818 cum
1208 2762 1258 2817 ad-

208 2847 313 2904 ditione
328 2848 419 2903 media
433 2850 492 2904 vini
507 2848 561 2905 albi
577 2849 705 2905 odoriferi
720 2849 798 2918 clari;
822 2849 873 2906 hoc
888 2850 962 2905 enim
978 2851 1021 2905 est
1038 2847 1142 2904 honum
1156 2847 1259 2920 hydro-

208 2935 260 3008 pisi
283 2933 317 2989 de
339 2932 438 3006 frigida
461 2951 544 2990 causa
565 2937 593 2990 et
615 2935 649 2990 de
672 2933 776 3003 calida3
800 2934 849 2990 sed
871 2936 900 2989 in
923 2933 1012 2989 calida
1034 2949 1143 3007 appone
1165 2935 1258 2991 minus

209 3000 243 3075 de
259 3020 347 3093 spica3
371 3019 508 3077 solutione
529 3019 623 3075 educit
643 3020 761 3076 coleram
785 3023 812 3076 et
833 3020 933 3092 flegma
954 3019 1106 3076 secundum
1128 3017 1258 3090 Mesue,

208 3103 282 3160 unde
308 3104 374 3160 dicit
395 3105 603 3161 Aristoteles
629 3106 658 3160 in
684 3105 754 3161 libro
786 3106 820 3162 de
841 3106 973 3178 regimine
996 3106 1161 3180 principum,
1184 3104 1259 3177 quod

207 3192 306 3264 purgat
319 3190 419 3262 flegma
434 3191 467 3246 ab
490 3207 536 3247 ore
559 3190 700 3246 stomachi.
738 3190 806 3263 Ejus
828 3192 982 3264 proprietas
1005 3193 1048 3246 est
1068 3188 1258 3261 mundificare,

208 3275 362 3333 confortare
378 3292 444 3349 epar
458 3280 485 3332 et
500 3276 673 3333 stomachum
688 3280 716 3332 et
736 3276 860 3333 conferre
881 3276 983 3332 morbis
1006 3292 1122 3350 quornm
1144 3277 1259 3331 materia

207 3364 251 3417 est
265 3361 378 3435 opilatio
394 3362 466 3417 sicut
479 3361 632 3435 hydropisi,
655 3362 798 3432 icteritiae,
821 3363 958 3435 grossitiei
978 3361 1082 3436 splenis
1102 3377 1152 3417 seu
1172 3359 1259 3434 opila-

206 3448 277 3503 tioni
292 3449 319 3503 et
333 3447 385 3502 hoc
400 3446 468 3503 facit
482 3464 518 3503 ex
537 3450 615 3521 parte
631 3447 801 3504 substantiae
824 3447 1014 3521 superficialis,
1037 3463 1073 3503 ex
1095 3449 1171 3520 parte
1194 3446 1259 3503 sub-

207 3534 325 3588 stantiae
341 3533 469 3588 centralis
483 3536 588 3589 terreae
603 3532 710 3589 confert
724 3536 805 3608 sputo
820 3535 960 3605 sanguinis
981 3536 1008 3589 et
1030 3535 1110 3588 sanat
1130 3534 1259 3605 rupturas

206 3619 369 3674 intrinsecas
385 3618 480 3673 datum
496 3635 558 3674 cum
569 3617 657 3674 'rubea
671 3619 820 3675 tinctorum
840 3621 868 3674 et
887 3620 952 3675 vino
975 3619 1094 3692 styptico
1117 3621 1145 3673 et
1167 3618 1259 3673 oleum

207 3705 267 3776 ejus
280 3704 513 3761 contractionibus
529 3704 694 3760 lacertorum
709 3704 783 3778 (245
797 3725 803 3758 :
816 3704 976 3779 nervorum)
992 3703 1067 3760 valet
1078 3706 1105 3759 et
1117 3702 1259 3760 doloribus
1337 3756 1342 3763 .

207 3804 302 3845 eorum
325 3792 353 3846 et
374 3793 416 3846 est
437 3790 575 3846 medicina
596 3789 670 3845 bona
696 3790 869 3864 dysenteriae
891 3793 919 3845 et
939 3790 1049 3864 proprie
1072 3788 1146 3863 quod
1169 3805 1203 3844 ex
1225 3805 1259 3845 eo

207 3876 250 3930 est
282 3878 418 3946 assatum,
452 3879 480 3931 et
511 3876 621 3949 proprie
648 3875 729 3931 datur
757 3893 818 3931 cum
850 3891 932 3931 succo
954 3875 1121 3948 plantaginis
1144 3876 1172 3930 et
1192 3875 1259 3930 vino

207 3961 334 4036 styptico.
372 3961 455 4018 Dosis
478 3962 538 4034 ejus
560 3963 589 4017 in
610 3962 736 4035 portione
758 3964 801 4018 θεῖ
822 3978 838 4016 a
860 3960 900 4016 dr.
926 3956 985 4041 27,
1009 3959 1154 4036 usquead
1179 3960 1207 4031 3,
1231 3964 1260 4017 et
