2932 5626
731 383 941 446 ..86-

309 580 403 638 panno
426 578 488 617 cum
510 560 593 618 mello
615 565 644 618 et
665 561 775 636 proprio
797 577 892 617 semen
914 563 973 633 ejus
996 564 1025 617 et
1046 561 1173 617 omnibus
1194 563 1317 636 vestigiis
1332 565 1360 618 et

311 647 459 717 similibus;
483 646 664 720 staphisagria
679 646 831 703 secundum
846 646 921 702 Ras.
944 648 973 701 in
995 645 1178 703 divisionibus
1200 647 1274 704 delet
1291 665 1360 721 pan-

310 752 377 789 num
404 737 432 790 et
457 734 574 805 vestigia
600 749 671 806 quae
700 732 855 788 similantur
875 731 1007 803 lentibus,
1030 749 1068 788 sc.
1092 748 1163 805 quae
1185 737 1251 789 sunt
1271 735 1360 790 inten-

311 821 406 890 sioreS,
429 820 563 892 nigriores
586 821 615 875 et
641 818 803 888 deteriorem
837 817 988 874 sarcocolla
1014 818 1166 875 secundum
1187 820 1306 875 Rasem
1330 820 1360 875 in

311 905 473 961 antidotario
496 905 631 960 dissoluta
653 921 717 960 cum
739 921 810 978 aqua
831 907 879 959 aut
909 921 971 960 cum
993 904 1059 960 felle
1077 905 1191 960 vaccino
1214 906 1237 960 si
1259 904 1360 960 exinde

309 991 395 1047 facies
417 991 528 1047 liniatur
550 993 592 1047 est
614 989 650 1046 ad
671 1006 794 1062 pannum
813 992 955 1064 proprium
977 993 1005 1046 et
1019 993 1178 1064 expertum3
1202 993 1306 1047 stercus
1321 991 1360 1046 la·

312 1080 403 1133 certae
431 1077 563 1150 abstergit
587 1093 711 1149 pannum
733 1078 761 1132 et
782 1078 825 1132 est
846 1078 1002 1148 expertum3
1026 1074 1173 1132 sambucus
1197 1075 1270 1132 delet
1290 1093 1360 1151 pau-

310 1180 377 1218 num
400 1161 568 1218 subtiliando
589 1161 777 1232 humiditates,
800 1164 829 1217 ct
850 1161 937 1217 saliva
957 1161 1077 1217 hominis
1099 1163 1208 1235 proprie
1227 1163 1318 1233 jejuni
1334 1165 1363 1217 et

311 1249 430 1304 maxime
452 1247 542 1304 calida
563 1247 694 1320 abstergit
719 1263 843 1320 pannum
872 1251 899 1304 et
928 1247 1037 1318 simiha,
1071 1248 1175 1321 sinapis
1201 1247 1363 1303 mundificat

310 1334 410 1390 faciem
433 1336 461 1389 et
481 1334 571 1390 aufert
592 1334 709 1405 vestigia
736 1334 878 1405 sanguinis
904 1334 1015 1403 mortui,
1050 1334 1114 1406 quia
1141 1334 1274 1406 abstergit
1300 1350 1363 1388 cum

311 1419 489 1488 resolutioue3
513 1421 585 1475 testa
607 1419 696 1474 cancri
718 1419 815 1474 marini
842 1417 976 1490 abstergit
1001 1435 1123 1491 pannum
1150 1421 1178 1474 et
1203 1419 1361 1492 lentigines.

315 1537 350 1546 -
369 1505 410 1560 De
432 1506 485 1560 ista
503 1506 619 1560 materia
640 1507 715 1574 uota,
739 1504 813 1576 quod
828 1503 954 1578 expulsio
969 1505 1099 1560 materiae
1114 1504 1148 1560 ad
1163 1504 1265 1560 faciem
1286 1503 1364 1560 addit

312 1590 435 1648 membra
457 1590 520 1661 alia,
544 1589 710 1664 quandoque
731 1588 763 1645 fit
782 1607 798 1645 a
817 1593 915 1645 natura
928 1590 993 1645 forti
1007 1589 1172 1663 expellente,
1196 1590 1363 1665 quandoque

312 1695 329 1733 a
360 1679 458 1732 natura
490 1675 645 1747 stimulata,
676 1693 693 1730 a
718 1676 832 1730 materia
859 1678 987 1750 corrupta
1013 1677 1041 1731 et
1065 1675 1160 1734 multa.
1210 1676 1240 1730 ln
1274 1677 1362 1749 primo

313 1780 377 1819 casu
399 1778 455 1817 non
477 1762 559 1818 debet
580 1761 705 1816 medicus
728 1776 872 1830 evacuare,
901 1777 963 1816 cnm
990 1765 1088 1817 natura
1110 1761 1278 1817 sufficienter
1299 1778 1363 1818 eva-

313 1852 387 1917 cuet;
413 1849 443 1903 in
465 1846 586 1904 secundo
608 1864 673 1902 casu
695 1845 744 1902 fiat
764 1848 906 1902 evacuatio
929 1863 992 1902 cum
1014 1847 1150 1903 solutione
1172 1848 1276 1903 ventris
1298 1864 1363 1920 pur-

311 1933 401 2007 gando
425 1931 635 1989 melancholiam
657 1931 809 1987 secundum
831 1931 904 1987 Rae.
928 1933 957 1986 in
980 1932 1161 1988 divisionibus
1183 1933 1303 2006 capitulo
1329 1932 1365 1988 de

311 2019 489 2091 lentiginibus
512 2021 540 2074 et
560 2019 589 2073 in
610 2018 663 2073 hoc
684 2020 728 2073 est
741 2017 812 2074 forte
827 2017 946 2073 multum
961 2017 1137 2092 epithimum3
1160 2020 1188 2073 in
1204 2035 1269 2074 casu
1289 2021 1364 2075 utro-

312 2121 366 2178 que
388 2104 471 2161 dehet
492 2104 576 2160 facies
599 2106 647 2158 aut
668 2104 822 2160 membrum
842 2102 917 2158 liniri
938 2120 999 2159 cum
1028 2106 1068 2160 eis
1090 2120 1161 2177 quae
1183 2104 1366 2159 mundificant

312 2189 441 2247 leniendo
464 2191 537 2245 etsi
559 2205 671 2246 necesse
694 2191 737 2244 est
758 2188 859 2245 addere
874 2189 1035 2261 abstersiva,
1058 2189 1176 2245 ethaeo
1201 2193 1267 2245 sunt
1290 2189 1364 2245 dicta

313 2291 395 2350 supra
416 2277 445 2330 in
468 2274 559 2331 areola
583 2276 652 2346 ista,
680 2278 774 2330 tamen
800 2291 980 2347 aggregemus
1007 2275 1100 2348 aliqua
1122 2276 1268 2349 specialia,
1291 2292 1363 2349 quae

314 2379 376 2418 curn
397 2361 501 2417 fuerint
524 2360 653 2416 leniendo
686 2358 891 2415 mundificando
914 2377 977 2416 cum
999 2360 1091 2434 aliqua
1113 2361 1296 2417 abstersione:
1320 2379 1362 2435 rp.

313 2464 391 2520 ergo:
416 2446 526 2520 amygd.
550 2446 622 2502 dulc.
646 2448 675 2502 et
696 2462 779 2501 amar.
796 2446 999 2516 mundatarum,
1022 2447 1127 2502 farinae
1141 2446 1277 2518 fabarum,
1299 2446 1363 2503 fari-

313 2550 365 2590 nae
389 2534 494 2602 ciceris,
516 2532 621 2588 farinae
643 2531 812 2605 lupinorum,
835 2532 940 2588 farinae
962 2532 1046 2602 ordei,
1070 2534 1126 2602 risi,
1150 2532 1244 2603 amidi,
1269 2532 1364 2605 draga-

313 2620 389 2692 ganti
412 2618 477 2689 albi,
500 2619 536 2691 gi.
560 2617 634 2673 arab.
658 2616 725 2688 albi,
748 2616 848 2673 radicis
871 2616 923 2673 lilii
949 2617 1086 2689 coelestis
1108 2617 1228 2688 boracis‚
1252 2619 1364 2674 seminis

314 2704 439 2778 raphani,
462 2705 574 2760 seminis
590 2720 697 2774 erucae,
720 2704 833 2776 sinapis,
849 2706 972 2759 terantur
986 2703 1078 2774 simul,
1095 2702 1198 2760 confice
1214 2720 1276 2759 cum
1292 2720 1365 2776 aqua

315 2791 484 2846 decoctionis
506 2789 641 2845 violarum
664 2790 797 2844 siccarum
820 2792 848 2844 et
869 2789 1053 2861 foenugracci,
1076 2788 1144 2844 fiant
1158 2789 1264 2845 torcelli
1286 2791 1364 2862 parvi

315 2876 350 2931 ad
371 2875 480 2949 pondus
503 2874 544 2930 dr.
562 2874 590 2946 2,
614 2876 722 2930 exsicca
748 2876 776 2930 iu
798 2874 896 2931 umbra
917 2878 945 2930 ct
967 2873 1077 2947 quando
1100 2873 1229 2946 volueris
1253 2875 1365 2930 distem-

314 2978 382 3037 pera
402 2963 498 3016 vinum
520 2977 583 3016 cum
604 2977 676 3033 aqna
697 2959 866 3016 decoctionis
888 2960 989 3016 radicis
1010 2960 1061 3016 lilii
1080 2960 1217 3030 coelestis,
1240 2960 1304 3016 inde
1324 2960 1365 3015 f-

316 3049 371 3104 cies
394 3046 570 3120 epithimetur
591 3048 639 3101 aut
661 3045 773 3100 liniatur
795 3049 843 3101 aut
864 3062 946 3119 super
967 3046 1058 3101 locum
1081 3049 1202 3118 ponatur
1222 3047 1251 3101 in
1272 3062 1365 3121 panno

314 3135 387 3189 lineo
409 3135 439 3187 in
460 3147 576 3206 vespere
583 3151 591 3199 ;
613 3132 643 3186 in
664 3147 746 3187 mane
768 3131 908 3187 auferatur
929 3135 957 3188 et
977 3132 1086 3188 lavetur
1106 3131 1192 3187 facies
1214 3148 1277 3187 oum
1294 3148 1366 3204 aqua

315 3218 450 3275 fabarum.
494 3217 529 3272 Et
550 3219 616 3272 nota
637 3215 712 3289 quod
734 3217 857 3272 decoctio
880 3217 1005 3291 epithimi
1031 3217 1123 3274 educit
1145 3216 1364 3287 melancholiam,

318 3305 389 3361 unde
405 3303 511 3360 confert
530 3301 738 3372 melancholiae,
761 3303 924 3376 impetigini,
948 3302 1050 3359 scabiei
1071 3303 1219 3377 morpheae
1241 3306 1269 3359 et
1291 3305 1365 3358 simi-

315 3389 402 3447 libus:
425 3389 478 3462 Rp.
494 3387 627 3461 myrobal.
648 3387 785 3457 indorum,
801 3388 931 3459 sticados,
954 3389 1079 3463 epithimi
1102 3395 1135 3444 aa
1157 3388 1197 3443 dr.
1218 3389 1265 3459 10,
1287 3388 1366 3461 poly-

316 3476 402 3550 podii,
430 3474 602 3548 passularum
624 3472 839 3545 enucleatamm,
867 3476 1003 3547 eupatorii
1024 3481 1057 3529 aa
1079 3474 1120 3529 dr.
1137 3475 1165 3544 5,
1190 3491 1255 3530 sene
1278 3474 1318 3529 dr.
1337 3475 1365 3545 7,

316 3562 402 3618 turbit
424 3561 465 3631 dr,
483 3560 511 3631 4,
534 3562 687 3634 coquantur
709 3561 800 3615 omnia
827 3563 936 3634 praeter
964 3560 1126 3633 epithimum
1155 3559 1244 3616 donec
1267 3560 1366 3616 dissol-

315 3650 425 3718 vantur,
449 3644 549 3702 deinde
571 3645 642 3702 adde
664 3644 828 3719 epithimum
850 3648 878 3702 et
897 3645 1020 3702 decoctio
1037 3645 1215 3719 compleatur,
1239 3646 1307 3715 cola,
1331 3645 1367 3700 da

317 3735 432 3806 patienti
466 3731 619 3788 secundum
644 3731 772 3787 virtutem
800 3732 897 3805 ipsius
943 3730 973 3787 Si
998 3732 1040 3786 vis
1062 3730 1152 3786 facere
1174 3731 1272 3787 fortius
1295 3731 1366 3787 adde

318 3822 460 3891 argentum
488 3820 516 3873 et
541 3816 614 3885 aloi3
648 3817 723 3872 istud
749 3819 827 3890 ponit
848 3817 921 3873 Ras.
945 3819 974 3872 in
1002 3816 1179 3885 antidotario;
1206 3818 1272 3872 item
1300 3819 1367 3872 nota

318 3903 392 3979 quod
414 3904 560 3977 lentigines
582 3903 707 3976 indigent
728 3903 865 3959 medicina
886 3903 992 3959 fortiori
1007 3905 1035 3959 et
1050 3901 1188 3958 medicina
1208 3904 1295 3976 magis
1318 3902 1365 3959 ab·
