2932 5626
792 422 1000 487 ,98-

370 599 465 653 vinum
498 598 528 652 in
554 597 609 653 olla
635 596 683 653 nbi
709 599 751 653 est
778 613 835 653 una
855 597 933 672 pulla
953 599 1043 672 posita
1063 598 1093 652 in
1114 613 1186 670 aqua
1207 598 1247 652 ita
1267 596 1342 670 quod
1365 599 1421 652 sint

372 682 442 738 duae
473 685 565 756 partes
599 700 686 757 aquae
720 685 748 739 et
772 685 854 739 tertia
878 685 937 739 vini
964 687 1011 739 aut
1039 682 1194 757 oxymellis‚
1218 686 1351 756 coquatur
1372 682 1421 739 illa

370 768 448 842 pulla
469 770 498 824 in
520 768 569 824 illa
590 771 784 825 commixtione
807 771 835 825 et
857 769 892 825 da
906 769 975 825 illud
993 773 1041 842 Jus
1065 768 1100 824 ad
1115 768 1283 824 sorbendum
1302 771 1330 824 et
1344 768 1421 823 laxa-

370 855 410 910 bit
432 855 492 910 sine
514 854 702 911 horribilitate.
748 854 783 909 Et
804 855 946 911 sciendum
976 855 1050 928 quod
1079 856 1102 910 si
1124 853 1282 910 helleborus
1303 857 1421 928 ponatur

369 941 398 995 in
429 940 521 997 radice
554 941 617 996 vitis
644 943 691 996 aut
716 941 803 997 cerasi
829 944 877 997 aut
901 942 984 1014 pruni
1008 941 1092 997 faciet
1117 940 1236 995 fructum
1267 938 1419 996 laxativum

370 1042 464 1082 secure
497 1027 555 1082 sine
588 1025 716 1083 molestia
748 1029 775 1082 et
810 1026 863 1082 hoc
893 1027 954 1082 dico
986 1026 1020 1083 de
1051 1030 1167 1098 utroque
1199 1024 1331 1094 elleboro;
1370 1025 1419 1081 sed

369 1114 462 1167 tamen
482 1111 582 1183 differt,
611 1113 676 1184 quia
702 1112 839 1168 elleborus
861 1114 938 1186 niger
959 1114 1046 1184 magis
1068 1116 1199 1187 provocat
1220 1114 1354 1182 ventrem,
1378 1111 1419 1166 al-

369 1196 421 1252 bus
444 1200 536 1254 autem
557 1199 692 1254 vomitum
714 1197 866 1254 secundum
882 1197 949 1254 Gal.
963 1197 988 1252 ll
1011 1198 1101 1271 simpl.
1118 1197 1191 1252 med.
1210 1213 1269 1269 cap.
1286 1189 1330 1268 4⁰,
1353 1198 1419 1252 item

370 1282 449 1338 albus
476 1286 518 1339 est
544 1285 634 1339 minus
662 1283 768 1339 calidus
788 1286 816 1339 et
838 1285 937 1354 siccus,
961 1286 1053 1339 tamen
1077 1283 1202 1353 amarior,
1226 1286 1254 1338 et
1276 1281 1354 1338 albus
1377 1284 1420 1338 est

369 1369 475 1439 melior,
500 1370 565 1442 quia
586 1372 629 1425 est
642 1368 795 1442 frangibilia
810 1368 933 1442 linguam
947 1384 1004 1424 non
1018 1369 1183 1438 mordicans,
1207 1367 1320 1423 salivam
1336 1370 1419 1422 attra-

369 1453 448 1525 hens,
473 1454 602 1511 interficit
623 1471 714 1511 mures
737 1456 840 1510 mixtus
861 1472 924 1510 cum
945 1454 1027 1510 melle
1049 1457 1097 1510 aut
1117 1455 1207 1508 farina
1229 1455 1276 1508 aut
1298 1470 1369 1527 pane
1392 1457 1421 1509 et

370 1539 480 1613 quando
497 1557 559 1596 cum
582 1557 663 1596 carne
686 1541 812 1614 coquitur
833 1540 960 1597 dissolvit
981 1557 1050 1598 eam.
1087 1539 1270 1612 Praeparatur
1290 1542 1322 1594 ut
1342 1541 1420 1611 niger

369 1627 417 1681 ant
438 1627 489 1681 sic:
512 1624 565 1700 Rp.
589 1625 703 1683 ellebori
725 1625 781 1682 albi
803 1621 890 1707 872,
914 1642 985 1699 aqua
1007 1630 1031 1682 8⁴
1043 1626 1062 1681 4
1084 1627 1113 1680 in
1136 1642 1191 1698 qua
1215 1626 1308 1696 jaceat
1327 1641 1378 1699 per
1401 1625 1417 1680 3

368 1711 437 1782 dies,
460 1714 556 1784 postea
578 1711 736 1768 extrahatur
757 1711 904 1783 elleboruS,
928 1728 1000 1785 aqua
1015 1713 1148 1785 coquatur
1168 1710 1203 1765 ad
1216 1712 1309 1784 ignem
1331 1726 1420 1782 usque

368 1796 403 1852 ad
435 1799 544 1852 tertiam
569 1800 690 1871 partem,
719 1797 791 1853 adde
819 1799 866 1853 isti
892 1814 979 1871 aquae
1005 1813 1151 1853 zuccarum
1176 1799 1224 1851 aut
1245 1797 1300 1852 mel
1322 1799 1350 1852 et
1370 1795 1421 1852 fiat

367 1899 495 1956 syropus,
519 1882 599 1938 detur
620 1900 656 1939 ex
678 1899 710 1939 eo
733 1882 916 1939 cochlearium
942 1901 1040 1954 unum3
1063 1883 1116 1938 hoc
1137 1883 1211 1939 enirn
1234 1885 1277 1938 est
1292 1898 1419 1938 securum

368 1967 520 2024 secundum
542 1968 634 2024 Avic.
651 1969 684 2024 ll.
728 1969 799 2024 Item
820 1971 844 2025 si
865 1970 907 2024 vis
930 1986 965 2025 ex
987 1985 1019 2025 eo
1041 1969 1131 2024 facere
1153 1969 1286 2024 vomitum
1307 1967 1420 2024 facilem

366 2052 450 2126 infige
481 2055 574 2128 ipsum
603 2055 633 2109 in
659 2054 781 2129 raphano
809 2071 859 2129 per
881 2054 899 2109 4
922 2054 995 2126 dies,
1024 2054 1122 2110 deiude
1148 2053 1230 2109 detur
1251 2071 1307 2109 una
1328 2053 1421 2110 rotula

364 2138 442 2194 illius
464 2139 593 2216 raphaui3
616 2140 669 2196 hoc
691 2141 765 2196 enim
787 2143 829 2197 est
845 2156 979 2198 securum.
1014 2140 1084 2196 ltem
1105 2142 1172 2194 nota
1191 2139 1265 2212 quod
1280 2138 1420 2196 elleborus

366 2224 446 2281 albus
474 2228 516 2281 est
544 2225 625 2282 valde
649 2228 792 2298 juvativus
818 2228 847 2282 in
874 2225 1091 2300 aegritudinibus
1112 2227 1232 2299 pectoris
1255 2229 1283 2281 et
1304 2241 1419 2281 securus

367 2312 426 2367 sine
447 2312 554 2369 timore.
578 2343 619 2352 —

790 2525 991 2583 Euforbium

366 2656 408 2709 est
430 2669 542 2727 gamma
564 2651 667 2709 arboris
690 2652 826 2709 excedens
850 2669 946 2709 omnes
968 2669 1093 2726 gummas
1115 2654 1144 2707 in
1164 2652 1351 2724 calefactione,
1375 2658 1420 2710 est

366 2741 439 2796 enim
463 2738 543 2794 calid.
567 2741 595 2795 et
617 2740 680 2794 sico.
696 2740 726 2794 in
742 2733 776 2795 3⁰
791 2739 944 2795 secundum
958 2738 1047 2809 Hali,
1068 2738 1117 2794 sed
1138 2739 1291 2794 secundum
1305 2739 1421 2796 Mesua

365 2827 408 2881 est
429 2826 458 2880 in
473 2818 517 2896 4⁰,
540 2824 649 2897 eligitur
667 2824 811 2898 frangibile
826 2825 932 2881 habens
948 2824 1067 2881 colorem
1081 2819 1278 2900 palearem¹²⁴)
1302 2825 1418 2897 clarum,

366 2910 439 2983 quod
463 2913 506 2966 est
527 2909 696 2966 vehementis
719 2910 854 2966 acredinis
876 2902 1017 2966 et'odoris
1039 2910 1121 2967 valde
1136 2912 1209 2966 acuti
1223 2927 1319 2967 recens
1334 2928 1420 2985 super

366 2995 440 3070 quod
459 2997 518 3067 jam
541 2997 640 3051 transit
661 3012 759 3067 annus,
781 3013 846 3052 nam
868 2999 931 3052 ante
954 3013 1056 3051 annum
1078 2999 1120 3052 est
1135 2998 1207 3053 sicut
1220 3013 1359 3053 venenum
1374 3014 1418 3054 se·

364 3081 485 3137 cundum
511 3081 636 3151 Mesui3
661 3082 744 3137 solvit
765 3099 864 3156 aquam
880 3083 1004 3138 citrinam
1026 3085 1054 3138 ct
1074 3083 1174 3156 flegma
1196 3083 1366 3154 ajuncturis
1390 3087 1419 3140 et

364 3169 456 3224 nervis
478 3167 552 3224 unde
575 3166 681 3223 confert
702 3170 885 3241 emigraneae,
909 3169 1037 3224 sciaticae
1056 3168 1209 3224 secundum
1228 3167 1318 3238 Hali,
1343 3168 1417 3226 unde

364 3252 532 3328 Serapion
556 3253 623 3308 dicit
643 3247 718 3324 Vll⁰‚
741 3253 816 3326 quod
838 3253 921 3309 solvit
941 3254 1041 3326 flegma
1063 3256 1091 3310 et
1112 3271 1212 3328 aquam
1235 3271 1251 3309 a
1269 3255 1416 3326 juncturis.

363 3339 441 3396 Idem
463 3339 530 3394 dicit
552 3339 725 3395 Avicenna
746 3342 775 3396 et
796 3339 864 3394 dicit
885 3339 958 3395 Ras.
974 3333 1053 3396 VHI⁰
1067 3339 1123 3411 Al,
1146 3339 1220 3414 quod
1235 3339 1351 3413 expellit
1364 3338 1417 3394 hu-

363 3441 453 3481 mores
478 3426 583 3498 spissos
606 3427 634 3480 et
655 3441 764 3499 aquam.
809 3425 884 3481 Dicit
904 3425 1030 3496 Mesut,
1058 3426 1133 3500 quod
1158 3425 1295 3482 solutione
1323 3424 1418 3482 educit

362 3510 462 3584 flegma
488 3526 614 3584 grossum
641 3513 669 3566 et
694 3512 834 3567 viscosum
861 3528 877 3566 a
898 3511 966 3566 locis
993 3511 1138 3586 profundis
1161 3511 1281 3584 corporis
1303 3511 1416 3567 mundi-

362 3595 449 3653 ficans
469 3598 661 3668 juncturarum
682 3599 834 3652 vacuitates
857 3595 891 3652 ab
905 3595 1067 3653 humoribus
1082 3598 1184 3670 grossis
1199 3595 1320 3651 difficilis
1342 3597 1416 3653 radi-

363 3684 488 3753 cationis‚
511 3697 563 3738 nec
585 3684 628 3738 est
650 3683 675 3738 ei
696 3698 740 3738 res
763 3682 859 3738 similis
881 3682 917 3738 ad
938 3682 991 3738 hoc
1012 3686 1041 3740 et
1062 3686 1105 3738 est
1126 3698 1161 3738 ex
1181 3681 1264 3738 rebus
1286 3681 1416 3738 munditi-

363 3768 490 3825 cantibus
510 3783 610 3823 nervos
627 3768 852 3825 consumentibus
867 3766 1044 3824 humiditates
1063 3766 1202 3824 imbibitas
1216 3768 1246 3822 in
1267 3769 1317 3838 eis,
1340 3768 1416 3826 unde

362 3855 386 3910 si
407 3853 594 3911 dissolvantur
615 3854 644 3908 in
666 3854 727 3910 oleo
747 3853 786 3910 'de
809 3854 879 3911 been
900 3855 929 3909 ct
950 3856 1069 3926 ungatur
1090 3869 1153 3909 oum
1175 3868 1207 3909 eo
1229 3853 1320 3923 locus,
1349 3869 1417 3910 con-

361 3939 416 3996 fert
437 3938 655 4015 aegritudinibus
678 3956 824 3997 nervorum
845 3938 953 4012 frigidis
975 3940 1046 3995 sicut
1061 3942 1126 3996 sunt
1139 3938 1284 4015 paralysis,
1308 3942 1415 4014 stupor,
