2932 5626
611 722 823 787 ...36-

185 895 311 954 dentium
331 895 399 953 facit
420 896 523 971 pueris.
547 927 588 938 -
610 893 737 961 citrum
759 895 866 953 confert
884 897 1006 953 torturae
1029 895 1095 952 oris.
1119 927 1160 937 —
1184 893 1246 952 Oa·

184 980 335 1038 momilla
362 981 469 1038 confert
497 981 618 1056 pustulis
648 982 711 1037 oris.
746 1012 788 1021 -
820 980 929 1054 Gepae
963 983 1098 1054 generant
1125 979 1248 1036 salivam

183 1066 309 1123 multam.
326 1098 368 1108 -
383 1066 639 1124 cinnamomum
650 1065 758 1122 confert
769 1082 894 1139 coryzae.
908 1097 948 1106 —
964 1064 1243 1139 coloquinthida:

185 1151 298 1208 collutio
326 1152 381 1208 oris
406 1151 480 1208 facta
508 1169 572 1208 cum
594 1151 755 1208 decoctione
778 1151 879 1206 radicis
902 1151 962 1222 ejus
983 1151 1013 1206 in
1035 1153 1113 1207 aceto
1136 1150 1244 1207 confert

183 1235 272 1293 dolori
298 1236 424 1293 dentium
447 1239 495 1292 aut
521 1237 545 1293 si
567 1236 755 1310 coloquintida
777 1235 927 1292 mundatur
948 1236 1041 1309 granis
1064 1236 1121 1292 suis
1143 1235 1249 1309 imple-¹

184 1324 247 1380 atur
268 1324 347 1378 aceto
370 1324 398 1378 et
419 1338 502 1396 super
525 1322 647 1378 cinerem
668 1321 813 1378 bulliatur·
825 1324 853 1378 et
875 1338 912 1378 ex
934 1323 1012 1378 aceto
1035 1337 1066 1378 os
1094 1318 1267 1399 colluatur„

184 1406 291 1463 confert
321 1405 409 1462 dolori
436 1406 560 1463 dentium
590 1409 618 1463 et
644 1406 711 1462 facit
732 1405 844 1462 facilem
867 1405 992 1462 dentium
1015 1404 1241 1462 eradicationem.

183 1523 223 1532 -
257 1491 360 1548 lterum
387 1495 496 1548 acetum
523 1492 553 1546 in
580 1507 635 1563 quo
662 1496 705 1547 est
732 1490 848 1548 decocta
868 1490 1077 1564 coloquinthida
1098 1492 1141 1547 est
1161 1491 1248 1548 fortis·

178 1578 337 1648 juvamenti
358 1576 439 1633 valde
460 1578 490 1632 in
513 1574 608 1632 dolore
628 1575 752 1632 dentium
775 1573 880 1648 (Avic.
897 1575 936 1630 lll
959 1575 977 1631 f.
993 1575 1009 1632 7
1027 1578 1060 1633 tr.
1081 1576 1094 1631 l
1120 1592 1180 1649 cap.
1198 1574 1241 1649 5).

182 1693 224 1702 -
246 1661 343 1719 Cicer
372 1661 481 1718 confert
508 1662 674 1735 apostemati
698 1660 814 1718 humido
837 1661 966 1734 gingivae
989 1663 1017 1717 et
1038 1659 1127 1716 dolori
1149 1660 1241 1717 dentis

181 1745 302 1803 molaris
326 1778 368 1787 -
391 1745 525 1803 Oubebe
549 1745 656 1809 confert
677 1745 816 1802 ulceribus
831 1745 951 1819 putridis
975 1746 1039 1801 oris.
1061 1777 1103 1786 -
1126 1744 1242 1802 Oculis

181 1847 198 1887 a
221 1849 272 1887 sua
295 1833 464 1906 proprietate
487 1831 608 1888 exsiccat
628 1830 760 1904 linguam.
795 1862 836 1872 -—
870 1829 1102 1886 Coriendrum:
1127 1829 1241 1888 collutio

181 1932 245 1972 cum
268 1916 431 1973 decoctione
453 1918 514 1989 ejus
538 1915 644 1973 confert
665 1915 806 1972 ulceribus
828 1917 892 1973 oris.
920 1947 962 1956 —
995 1914 1169 1990 Oppressi:
1192 1914 1242 1972 de·

181 2002 268 2058 coctio
291 2018 355 2057 cum
378 2005 455 2058 aceto
479 2001 559 2058 sedat
580 2000 704 2058 dolorem
720 2001 856 2058 dentum.
879 2032 920 2043 —
943 2000 1112 2074 (typorum
1134 1999 1242 2057 confert

179 2171 267 2243 gives.
290 2203 332 2212 -
356 2171 550 2228 Elleborus:
567 2170 691 2228 decoctio
707 2172 768 2242 ejus
783 2172 812 2227 in
828 2174 906 2228 aceto
921 2170 995 2227 facta
1010 2169 1160 2228 collutione
1175 2187 1240 2227 cum

179 2271 212 2312 ec
235 2255 343 2313 confert
357 2255 445 2314 dolori
460 2256 594 2313 dentium.
619 2288 660 2297 —-
682 2255 804 2312 Fumus
826 2259 937 2313 terrae
957 2256 1238 2329 stringit‘gingivam.

178 2372 223 2392 —t
242 2341 354 2412 Ficus,
378 2341 421 2397 lac
444 2344 472 2399 et
494 2358 592 2398 succus
612 2357 752 2397 ramorum
773 2343 922 2415 antequam
944 2340 1124 2417 frondescunt
1145 2341 1241 2398 confe-

177 2429 242 2481 runt
263 2425 341 2482 denti
363 2443 471 2484 corroso
488 2444 551 2482 cum
572 2427 602 2482 in
625 2444 658 2484 eo
678 2429 830 2500 ponuntur.
853 2458 895 2467 -
918 2425 1109 2482 Galbanum
1132 2425 1239 2483 confert

178 2509 267 2567 dolori
282 2511 373 2567 dentis
388 2510 499 2573 molaris
522 2514 551 2568 et
567 2511 644 2569 denti
659 2527 769 2568 corroso
792 2511 893 2568 subito.
917 2543 958 2552 -
980 2510 1088 2582 treus,
1111 2509 1244 2568 decoctio.

176 2597 237 2667 ejus
262 2595 369 2653 confert
391 2595 480 2652 dolori
495 2596 620 2653 dentium
636 2597 747 2671 quando
763 2597 933 2668 masticatur,
956 2596 1024 2652 itcm
1039 2612 1140 2652 succus
1155 2595 1239 2652 folio·

175 2697 237 2735 rum
252 2683 314 2752 ejus
329 2680 436 2739 confert
451 2681 590 2738 ulceribus
606 2683 669 2738 oris.
686 2713 728 2723 —
743 2674 912 2757 Ysopi¹⁰²)
932 2680 1056 2738 decoctio
1073 2698 1135 2738 cum
1158 2685 1237 2738 aceto

176 2768 204 2821 et
226 2765 364 2838 oxymclle
388 2766 494 2823 confert
508 2766 598 2824 dolori
612 2766 746 2823 dentium.
772 2799 812 2808 -
835 2766 961 2823 Litium
976 2766 1163 2823 curatulcera
1177 2767 1237 2839 gin-

174 2851 254 2922 givae
270 2854 298 2907 et
313 2853 376 2907 oris.
401 2883 442 2893 —
464 2851 592 2925 Lingua
606 2851 709 2909 bovis
732 2852 756 2909 si
771 2850 931 2908 masticetur
945 2851 1024 2907 radix
1039 2854 1088 2907 aut
1103 2867 1139 2908 ex
1153 2868 1236 2908 succo

176 2936 237 3005 ejus
261 2952 292 2992 os
316 2936 455 2993 colluatur
477 2936 583 2992 confert
605 2937 694 2994 dolori
717 2936 842 2994 dentium
872 2940 900 2994 et
930 2935 1043 2994 collutio
1067 2953 1130 2992 cum
1152 2952 1248 2993 succo·

175 3019 307 3076 foliorum
325 3022 385 3092 ejus
402 3021 509 3078 confert
524 3021 663 3078 ulceribus
679 3023 742 3078 oris.
758 3053 800 3063 —
822 3022 887 3078 Lac
902 3021 1032 3078 dentibus
1048 3024 1130 3078 nocet
1145 3037 1237 3079 corro-

176 3103 267 3160 dendo
283 3106 461 3166 concavaudo
477 3107 666 3164 consumendo
679 3108 819 3180 gingivam
831 3106 962 3163 laxando.
979 3138 1020 3148 -
1035 3106 1158 3162 Lilium
1174 3122 1237 3163 coc-

174 3193 233 3244 tum
250 3190 357 3247 confert
372 3190 460 3248 dolori
472 3191 597 3248 dentium
609 3195 637 3249 et
647 3194 758 3266 proprie
769 3192 849 3248 radix
860 3190 1002 3248 silvestris.
1020 3223 1061 3232 -
1078 3191 1237 3265 Myrrhae

175 3275 299 3330 decoctio
315 3276 344 3330 in
359 3277 424 3333 vino
440 3277 464 3331 si
480 3293 515 3333 ex
530 3293 563 3332 ea
578 3292 609 3334 os
630 3276 766 3333 colluatur
781 3277 878 3334 dentes
895 3277 1032 3334 confortat
1046 3276 1128 3333 valde
1143 3277 1236 3351 prohi—
1287 3269 1289 3272 ⁴

173 3357 265 3416 bendc
286 3362 472 3417 corrosionem
494 3362 653 3434 stringendo
676 3363 817 3435 gingivam
838 3362 1006 3424 removendo
1029 3361 1235 3419 humiditatem.

174 3476 214 3486 —
230 3444 340 3501 llorus
362 3446 380 3503 i.
397 3461 421 3504 e.
439 3445 543 3502 celsus:
567 3446 647 3502 radix
661 3447 748 3520 ipsius
764 3448 856 3522 posita
869 3447 899 3502 in
914 3450 992 3504 aceto
1007 3463 1057 3522 per
1071 3445 1131 3503 dies
1155 3445 1173 3503 8
1197 3447 1235 3504 ad

173 3529 259 3586 solem
282 3533 381 3604 postea
402 3532 541 3587 exsiccata
563 3534 591 3587 et
612 3531 783 3605 pulverizata
805 3531 901 3588 evellit
922 3532 1020 3588 dentes
1042 3531 1169 3607 putridos
1192 3533 1234 3589 eis

172 3617 348 3689 superposita
371 3614 481 3688 (Isaac
504 3617 533 3671 in
556 3615 638 3673 dietis
661 3633 721 3690 cap.
745 3616 908 3689 demotis).
933 3649 975 3658 -
997 3616 1066 3672 Mus
1089 3619 1181 3673 assata
1204 3620 1235 3674 et

172 3701 311 3756 exsiccata
342 3700 407 3757 data
436 3716 522 3775 puero
554 3701 589 3757 ad
613 3701 816 3759 comedendum
839 3701 978 3758 abscindit
998 3701 1106 3757 fluxum
1128 3700 1235 3760 salivae

171 3783 206 3840 ab
229 3801 285 3841 ore.
316 3816 356 3826 -
392 3785 465 3840 Nux
492 3785 559 3842 faclt
582 3790 724 3860 apostema
746 3788 775 3842 in
798 3803 844 3843 ore
866 3790 894 3844 et
916 3789 1012 3860 gravat
1033 3785 1167 3860 linguam.
1192 3818 1235 3830 —
1319 3786 1323 3792 '

170 3868 329 3942 Nigellae
353 3870 476 3928 decoctio
500 3887 564 3926 cum
586 3875 663 3928 aceto
684 3871 790 3929 confert
812 3871 901 3929 dolori
923 3871 1049 3928 dentium
1071 3874 1099 3928 et
1120 3872 1235 3946 proprie

171 3970 234 4010 cum
261 3955 336 4028 ligno
362 3956 430 4029 pini.
453 3987 495 3995 —
519 3953 700 4028 Origanum
722 3958 899 4013 masticatum
926 3956 1032 4014 confert
1054 3956 1143 4013 dolori
1165 3954 1236 4014 den·

169 4039 239 4094 tium
272 4043 300 4095 et
330 4041 469 4113 gingivam
495 4040 640 4098 humidam
662 4045 742 4099 sanat
764 4042 939 4098 exsiccando.
975 4073 1016 4082 -
1050 4039 1237 4100 Ostracum

170 4122 302 4180 adustum
335 4141 397 4180 cum
429 4125 488 4182 sale
517 4125 650 4200 abstergit
676 4127 774 4185 dentes
801 4126 913 4200 quando
942 4144 977 4184 ex
998 4126 1114 4201 pulvere
1137 4141 1237 4184 eorum

168 4208 310 4268 fricantur.
336 4242 374 4250 -
398 4209 580 4266 Portulaca
603 4212 678 4268 delet
700 4211 825 4268 dolorem
846 4210 986 4269 leniendo.
1012 4244 1052 4254 -
1074 4210 1235 4284 Papyrns
