2932 5626
709 664 917 728 ...52-

289 840 381 897 cibum
402 841 469 896 iacit
491 841 633 911 vomitum,
656 841 765 913 proprie
786 841 880 897 cortex
895 856 956 896 cum
972 839 1109 913 oxymelle
1125 842 1152 896 et
1167 856 1261 897 semen
1277 841 1338 912 ejus

289 943 353 982 oum
376 930 454 984 aceto
476 925 542 982 iaoit
563 943 695 982 nauseam
710 925 800 981 valde.
824 958 865 966 -
888 925 1072 999 Spinachia
1092 929 1175 982 nocet
1197 926 1338 982 stomacho

288 1013 353 1087 quia
372 1013 451 1068 inflat
473 1011 581 1086 (Ario.
598 1011 636 1067 lll
657 1002 695 1067 de'
707 1005 842 1068 cibatione
858 1008 984 1088 colioae).
1009 1044 1049 1052 —
1072 1010 1228 1068 Sticados
1243 1011 1336 1067 turbat

288 1098 474 1154 abundantem
501 1098 619 1154 coleram
645 1098 674 1152 in
704 1098 845 1154 stomacho
876 1098 981 1153 faciens
1008 1098 1081 1153 sitim
1104 1100 1132 1153 et
1153 1114 1271 1156 vomere.
1296 1129 1336 1138 —

288 1182 405 1240 Semen
428 1185 489 1240 lini
512 1187 553 1240 est
574 1183 678 1239 malum
700 1183 851 1254 stomacho,
874 1185 939 1256 quia
958 1182 1079 1239 difficilis
1103 1182 1270 1256 digestionis.
1295 1215 1336 1223 —

288 1269 454 1343 Sparagus
476 1269 543 1326 facit
563 1285 682 1326 vomere.
707 1301 747 1310 —
770 1268 1004 1342 Staphisagria
1027 1285 1088 1324 oum
1104 1268 1254 1324 mellicrato
1270 1268 1337 1323 iacit

286 1371 398 1411 vomere
413 1355 543 1427 chymum
557 1356 704 1410 viscosum.
728 1386 769 1394 -
793 1353 975 1410 Scamonea
989 1357 1071 1411 nocet
1086 1354 1226 1410 stomacho
1241 1353 1335 1423 valde3

286 1440 352 1496 item
376 1441 445 1496 Gal.
461 1435 489 1495 Ιο
511 1444 613 1496 acutos,
641 1473 681 1480 —
712 1439 813 1496 Sicla:
847 1442 907 1512 ejus
934 1440 1013 1495 radix
1036 1443 1078 1496 est
1099 1440 1172 1495 mala
1194 1440 1336 1495 stomacho

287 1528 352 1599 quia
373 1526 507 1583 mordicat
528 1529 556 1582 et
570 1542 701 1582 nauseam
722 1525 797 1581 facit.
821 1558 862 1566 -
879 1525 1090 1581 vSizaminum
1106 1528 1147 1581 est
1161 1526 1264 1581 malurn
1281 1528 1337 1581 sto-

286 1612 383 1668 macho
405 1612 509 1668 iaoiens
532 1629 663 1667 nauseam
686 1613 714 1667 et
733 1613 886 1685 appetitum
905 1611 1065 1668 defendens.
1090 1643 1129 1652 —
1148 1611 1338 1667 'Zuccarum

285 1701 367 1753 nocet
389 1698 529 1754 stomacho
552 1697 664 1754 habenti
686 1696 802 1753 coleram
820 1699 884 1770 quia
899 1698 951 1752 cito
966 1698 996 1751 in
1011 1714 1070 1753 eam
1094 1699 1270 1774 convertitur.
1294 1729 1336 1736 —

287 1781 373 1839 Omne
393 1800 560 1856 vaporosum
581 1785 663 1838 nocet
677 1783 817 1838 stomacho
840 1783 904 1856 quia
917 1782 997 1838 indat
1011 1786 1039 1840 et
1054 1783 1123 1838 nihil
1138 1786 1180 1839 est
1199 1784 1237 1838 ita
1252 1799 1337 1855 vapo-

284 1885 378 1924 rosum
395 1873 425 1924 ut
439 1869 545 1925 fructus
560 1865 667 1946 (Avia.
684 1867 730 1923 lll.
744 1885 803 1942 cap.
822 1868 855 1924 de
871 1868 1088 1942 aegritudinibus
1104 1869 1238 1924 stomachi
1244 1889 1252 1938 ;
1269 1869 1337 1924 item

285 1954 401 2012 ibidem:
415 1955 492 2010 cibus
504 1957 546 2026 cuj
552 1972 583 2010 us
595 1971 671 2010 mora
683 1953 860 2028 prolongatur
871 1956 900 2009 in
914 1953 1055 2010 stomacho
1068 1957 1110 2010 est
1121 1953 1336 2027 vaporosus).-—

285 2105 331 2160 Er
353 2106 403 2162 his
426 2109 520 2180 patet
543 2106 629 2180 quod
658 2106 821 2180 quaedam
843 2105 1022 2184 conferunt
1048 2106 1231 2177 stomacho,
1259 2107 1336 2179 quia

286 2192 407 2263 calida,
431 2192 595 2266 quaedam
618 2194 695 2266 quia
723 2191 861 2266 frigida,
891 2191 1051 2265 quaedam
1078 2193 1157 2266 quia
1186 2191 1334 2261 humida,

616 2278 784 2352 quaedam·
800 2280 877 2351 quia
899 2278 998 2333 sicca.

371 2379 490 2436 Oalida
512 2380 657 2436 conferunt
679 2380 713 2436 ad
728 2381 911 2453 digestionem
932 2380 1086 2436 faciendam
1110 2384 1137 2436 et
1158 2379 1211 2435 hoo
1237 2378 1266 2453 1)
1289 2383 1337 2436 aut

286 2466 350 2537 quia
365 2466 484 2522 calorem
498 2466 652 2522 naturalem
666 2466 814 2522 intendunt
828 2483 968 2522 removere
989 2465 1129 2538 frigidum,
1153 2469 1201 2521 aut
1224 2464 1255 2539 2)
1271 2467 1336 2538 quia

285 2551 406 2607 calorem
427 2552 611 2608 innaturalem
634 2556 814 2624 augmentant
835 2552 977 2607 retinendo
994 2553 1108 2607 interius
1123 2568 1253 2626 vaporem
1270 2551 1335 2606 cali-

285 2635 368 2707 dum,
396 2639 467 2693 sicut
489 2637 636 2712 applicatio
661 2637 744 2692 catuli
767 2639 841 2692 canis
864 2640 911 2693 aut
932 2639 1011 2711 pueri
1033 2637 1066 2692 ad
1091 2640 1214 2693 ventrem
1237 2639 1265 2693 et
1287 2654 1336 2710 per

283 2723 364 2778 istam
395 2724 468 2778 viam
500 2725 565 2797 quia
593 2724 758 2779 vestimenta
784 2723 883 2797 quibus
911 2724 1049 2796 operimur
1071 2726 1248 2796 augmentant
1271 2722 1336 2778 cali-

284 2806 398 2864 ditatem
420 2811 543 2864 innatam
570 2812 598 2865 et
623 2809 756 2880 adjuvant
782 2808 816 2864 ad
839 2808 1029 2882 digestionem.
1076 2808 1107 2882 3)
1135 2808 1224 2864 calida
1249 2809 1334 2864 resol-

283 2894 373 2949 vendo
413 2894 557 2950 conferunt
592 2896 785 2951 ventositatem
825 2895 1017 2968 intrapositam
1053 2896 1124 2950 iuter
1162 2894 1333 2949 stomachum

283 2982 311 3034 et
337 2980 428 3035 cibum
457 2980 653 3054 impedientem
679 2997 714 3036 ne
741 2980 899 3036 stomachus
928 2979 1000 3036 bono
1030 2980 1111 3035 modo
1139 2980 1229 3036 cibum
1260 2996 1333 3035 com-

282 3065 443 3138 prehendat.
497 3065 529 3139 4)
553 3066 707 3123 confortant
733 3066 927 3122 humiditatem
955 3065 1134 3123 suffocantem
1157 3065 1246 3120 calida
1268 3083 1333 3122 con·

282 3151 416 3207 sumendo
439 3155 467 3207 et
488 3153 511 3207 si
533 3153 587 3207 ista
607 3152 744 3208 medicina
766 3152 854 3207 calida
876 3155 904 3207 et
926 3168 988 3206 cum
1010 3151 1063 3206 hoo
1085 3152 1231 3207 aromatica
1255 3153 1332 3207 tanto

282 3239 324 3292 est
350 3236 446 3292 fortior
476 3238 540 3311 quia
567 3239 678 3311 spiritus
705 3236 827 3293 vivificat
853 3241 880 3292 et
909 3236 1075 3310 multiplicat
1102 3238 1174 3293 etsi
1197 3254 1259 3292 cum
1279 3237 1332 3293 hoo

281 3324 324 3377 est
350 3323 461 3395 pontica
489 3323 522 3379 ad
549 3322 601 3379 hoc
628 3327 670 3379 est
695 3323 801 3394 tortior,
831 3324 895 3394 quia
919 3324 1061 3396 ponticum
1087 3340 1149 3378 cum
1175 3323 1332 3379 stomachus

282 3408 317 3462 sit
344 3425 478 3465 nervosus
505 3410 597 3482 ipsum
620 3410 782 3481 constringit
803 3411 831 3464 et
852 3407 1008 3464 corroborat
1030 3412 1057 3464 et
1080 3408 1248 3464 caliditatem
1270 3425 1332 3465 coa·

283 3492 370 3549 dunat
391 3493 464 3550 uude
487 3495 516 3549 in
537 3494 685 3567 digerendo
700 3493 786 3550 efficit
800 3494 949 3551 fortiorem.
973 3526 1013 3534 —
1037 3492 1108 3549 Sunt
1130 3497 1221 3550 autem
1243 3493 1333 3550 calida

280 3579 334 3635 ista
355 3595 426 3652 quae
447 3583 613 3653 sequuntur:
630 3582 747 3651 anisum,
764 3580 941 3651 absinthium,
959 3579 1132 3636 aristolochia
1146 3580 1237 3652 longa,
1254 3581 1332 3636 abro-

280 3668 391 3736 tanum,
425 3664 558 3738 bedegar,
586 3665 741 3733 balsamus,
768 3665 915 3736 basilicon,
943 3681 1023 3738 cepe,
1054 3666 1208 3738 coagulum,
1242 3669 1331 3723 casto-

279 3767 372 3822 reum,
409 3753 625 3823 cinnamomum,
660 3767 770 3821 crocus,
804 3768 948 3825 cyperum,
980 3755 1086 3821 costus,
1115 3753 1203 3807 cassia
1230 3751 1330 3824 lignea,

280 3836 475 3908 calamentum,
499 3837 713 3908 cardamomum,
737 3837 857 3893 calamus
881 3839 1053 3907 aromaticus,
1077 3854 1168 3908 eruca,
1192 3838 1329 3910 gentiana,

279 3921 427 3994 gariofilus,
456 3923 547 3995 hasce,
576 3923 696 3997 myrrha,
724 3923 789 3993 mel,
818 3941 875 3978 nur
897 3925 1030 3993 muscata,
1053 3924 1228 3993 nasturtium,
1251 3925 1331 3996 piper

278 4007 390 4082 triplex,
423 4011 493 4080 ruta,
524 4009 635 4082 squilla,
659 4010 844 4083 squinantum,
873 4009 923 4078 sal,
951 4008 1081 4079 sizeleoS,
1110 4010 1195 4081 spica,
1224 4008 1330 4080 lignum

279 4093 363 4164 aloes,
387 4093 509 4150 zinziber
529 4098 557 4150 et
579 4095 621 4150 his
641 4094 749 4150 similia.
773 4126 814 4135 —
836 4094 870 4149 Et
892 4095 943 4150 hae
964 4098 1029 4149 sunt
1049 4095 1239 4167 proprietates
1261 4110 1329 4167 quas

279 4196 362 4253 snpra
384 4181 538 4256 posuimus,
566 4183 594 4237 et
616 4197 651 4237 ex
673 4180 715 4236 his
737 4180 783 4237 rel
805 4179 941 4253 aliquibus
962 4181 1077 4236 istorum
1099 4182 1191 4253 potest
1213 4179 1330 4260 diligens
