2932 5626
724 662 931 726 ..50-

302 836 503 892 humiditatum
526 837 732 893 constrictiuum
746 839 860 911 propter
874 854 952 893 suam
968 838 1174 911 stypticitatem.
1197 869 1236 877 —-
1260 837 1350 895 Siue-

302 921 376 979 leos
404 922 647 980 inflammationem
673 923 795 994 resolvit,
819 923 942 979 dolorem
964 923 1051 994 sedat,
1075 924 1173 996 digerit
1194 928 1222 978 et
1243 926 1351 998 proprie

303 1008 382 1064 radix
405 1010 465 1080 ejus
488 1013 516 1064 et
538 1025 631 1065 semen
655 1011 715 1081 ejus
742 1008 821 1064 sedat
842 1008 963 1064 dolorem
979 1011 1139 1065 interiorum
1161 1013 1189 1065 et
1210 1009 1352 1082 liquefacit

301 1093 402 1166 flegma
424 1094 606 1168 congelatum.
631 1126 670 1135 —
694 1093 812 1150 Sumao
835 1094 973 1150 confortat
987 1095 1159 1150 stomachum
1174 1096 1238 1168 quia
1259 1098 1350 1168 ponti-

303 1195 376 1254 cum,
399 1182 551 1253 appetitum
567 1181 654 1252 erigit,
678 1181 742 1253 quia
757 1184 906 1236 acetosum.
943 1180 1012 1236 Item
1027 1179 1178 1236 secundum
1193 1180 1284 1235 Avia.
1301 1181 1349 1251 Ill,

303 1281 362 1338 cap.
392 1265 427 1321 de
461 1283 525 1321 cura
551 1268 670 1322 vomitus
701 1265 836 1321 confortat
868 1268 896 1321 et
928 1266 1048 1322 resolvit.
1098 1265 1168 1321 ltem
1197 1266 1349 1322 secundum

301 1349 465 1406 Galerium
481 1351 533 1406 XII
555 1355 654 1423 megat.
679 1351 814 1407 confortat
827 1352 959 1408 intestina
981 1355 1008 1407 et
1022 1351 1137 1408 vulnera
1152 1367 1245 1407 oerum
1263 1355 1349 1407 curat.

304 1468 338 1476 —
366 1435 463 1509 Spica
485 1436 582 1492 nardi
611 1436 738 1511 prohibet
764 1436 926 1492 effusionem
953 1438 1076 1493 materiei
1098 1440 1126 1492 et
1148 1437 1226 1492 sedat
1248 1438 1349 1493 murdi-

301 1523 449 1591 cationem;
477 1526 520 1578 est
548 1525 621 1578 enim
650 1523 700 1578 cal.
725 1525 753 1578 et
779 1524 852 1577 sicca
874 1539 937 1578 cum
964 1522 1083 1595 quadam
1105 1524 1281 1595 stypticitate.
1307 1555 1348 1563 -

300 1606 470 1663 Sandaina
492 1607 587 1664 linitus
610 1612 638 1663 et
657 1607 759 1665 bibitus
782 1607 888 1663 confert
910 1607 995 1664 debili
1017 1608 1157 1664 stomacho
1180 1612 1208 1663 et
1229 1610 1348 1665 maxime

300 1709 335 1748 ex
357 1692 504 1766 caliditate,
530 1695 594 1766 quia
616 1696 658 1749 est
679 1693 779 1765 frigida
800 1696 828 1749 et
843 1694 970 1767 prohibet
984 1694 1182 1749 attractionem.
1205 1726 1246 1735 —
1270 1693 1347 1749 Sco-

298 1780 348 1834 ria
372 1779 458 1834 terri
486 1779 621 1834 confortat
650 1778 814 1836 exsiccando
842 1779 980 1852 superflua
1007 1780 1115 1853 proprie
1143 1796 1205 1834 cum
1234 1781 1347 1852 antiquo

299 1860 364 1919 vino
388 1868 416 1920 et
437 1865 556 1920 maxime
572 1865 712 1920 stomacho
727 1864 854 1933 humid03
878 1869 920 1920 θεῖ
934 1866 1007 1920 enim
1021 1864 1140 1920 fortioris
1156 1866 1347 1921 exsiccatiouis

299 1966 379 2022 quam
404 1950 473 2005 aliae
496 1951 609 2006 scuriae.
633 1982 673 1992 —
697 1949 915 2005 Thamarindi
942 1949 1085 2006 conferunt
1106 1950 1277 2005 multitudini
1298 1967 1347 2006 vo-

298 2037 381 2090 mitus
405 2038 432 2090 et
455 2037 499 2090 siti
520 2037 549 2090 in
571 2035 693 2093 febribus
716 2038 744 2090 θῖ
765 2036 903 2107 stringunt
922 2036 1094 2091 stomachum
1110 2035 1296 2091 mellificatum
1312 2053 1348 2092 ex

298 2120 475 2176 multitudine
497 2122 616 2176 vomitus
639 2125 666 2176 et
686 2121 855 2177 stomachum
869 2120 1038 2193 infrigidaut.
1062 2153 1102 2162 -
1126 2121 1345 2177 Theremabin

299 2207 318 2262 i.
335 2222 359 2261 e.
383 2223 484 2261 manua
506 2207 579 2262 sitim
602 2207 681 2263 sedat
704 2210 730 2261 θῖ
753 2209 795 2262 θεῖ
814 2209 1006 2280 temperatum.
1035 2239 1074 2247 —
1102 2206 1259 2279 Thymum
1282 2225 1346 2280 pur-

297 2294 344 2363 gat
370 2291 521 2348 secundum
543 2292 627 2347 Hali.
651 2324 690 2333 —
716 2291 824 2347 Usnee
846 2293 945 2347 retinet
967 2293 1110 2362 vomitum,
1133 2292 1268 2349 confortat
1290 2296 1345 2348 sto·

299 2377 425 2432 maehum
442 2380 469 2433 et
483 2382 606 2433 removet
620 2376 790 2433 inflationem
813 2381 839 2432 et
853 2379 962 2451 proprie
984 2394 1047 2432 cum
1068 2379 1132 2434 vino
1153 2379 1279 2450 styptica
1306 2411 1342 2418 —

297 2461 400 2517 Viola
421 2463 495 2518 valet
516 2463 725 2519 inflammationi
747 2462 889 2531 stomachi,
913 2466 956 2518 est
977 2464 1049 2518 enim
1076 2463 1182 2536 frigida.
1214 2497 1247 2504 —
1276 2463 1345 2519 Uva

297 2564 395 2620 passa
417 2551 459 2603 est
474 2550 562 2603 amica
577 2548 727 2605 stomacho.
752 2581 790 2587 -
813 2548 999 2621 Xyloalcts
1014 2552 1137 2605 removet
1153 2548 1345 2604 humiditatem

297 2633 435 2706 putridam
459 2637 486 2689 et
508 2634 654 2703 confortat3
678 2637 720 2689 est
743 2634 814 2689 enirn
831 2635 1005 2706 aperitivum‚
1027 2634 1205 2707 frangitivum
1223 2637 1344 2690 ventosi·

296 2722 392 2774 tatum.
416 2752 457 2758 —
480 2719 640 2776 Zinziber
666 2719 773 2792 digerit,
801 2719 936 2790 calefacit,
960 2720 1081 2775 exsiccat
1102 2720 1292 2775 humiditatem
1309 2737 1344 2776 ex

296 2804 430 2860 fructibus
452 2807 617 2862 venientem.
641 2838 681 2846 —
704 2806 884 2860 Zucoarum
905 2805 1007 2861 bonum
1023 2809 1065 2860 est
1080 2805 1221 2861 stomacho
1244 2807 1272 2860 in
1288 2822 1343 2877 quo

296 2890 386 2946 colera
407 2908 463 2947 non
486 2894 642 2962 generatum
674 2894 717 2947 est
745 2892 818 2946 enim
839 2893 1031 2963 temperatum,
1056 2891 1198 2946 declinans
1221 2891 1255 2945 ad
1279 2891 1344 2946 cali-

295 2976 418 3047 ditatem,
446 2980 539 3032 tamen
566 2977 650 3033 laedit
672 2977 843 3033 stomachum
866 2976 995 3047 calidum,
1019 2977 1084 3048 quia
1106 2976 1140 3032 ad
1164 2977 1281 3032 coleram
1302 2977 1343 3032 fa-

296 3062 347 3117 cile
370 3063 546 3118 convertitur.
571 3095 611 3103 —

420 3213 508 3270 Istae
531 3217 610 3270 sunt
631 3214 817 3270 medicinae
840 3213 1012 3270 stomacho
1035 3218 1214 3270 nocentes:

378 3316 550 3373 Absinthii
579 3333 677 3372 succus
704 3321 746 3373 est
766 3317 856 3372 malus
879 3316 1019 3373 stomacho
1042 3321 1154 3391 propter
1176 3319 1218 3373 sui
1240 3318 1343 3373 mordi-

295 3403 430 3457 catiouem
462 3405 490 3458 et
523 3404 582 3474 ejus
609 3419 704 3458 semen
729 3406 811 3458 nocet
837 3405 877 3458 ori
904 3403 1036 3459 stomachi
1064 3405 1128 3475 quia
1154 3403 1266 3459 salsum.
1303 3436 1340 3444 -

294 3488 384 3543 Anas
407 3490 434 3543 et
456 3504 531 3543 caro
554 3489 683 3543 anseris
710 3491 774 3544 sunt
800 3505 896 3561 graves
919 3489 1069 3545 stomacho.
1104 3520 1144 3528 -
1177 3489 1343 3546 Avellana

293 3573 370 3629 tarde
394 3573 524 3645 digeritur
546 3576 574 3630 et
595 3575 698 3630 excitat
720 3575 861 3631 vomitum.
886 3607 926 3614 -
949 3575 1016 3630 Asa
1037 3577 1120 3630 nocet
1134 3575 1283 3631 stomacho.
1302 3607 1342 3615 —

293 3659 414 3732 Apium
439 3661 481 3714 est
502 3675 616 3715 movens
642 3661 866 3730 eructuationem,
899 3660 993 3716 tardae
1020 3662 1063 3715 est
1090 3659 1249 3732 digestionis
1277 3662 1343 3732 quia

292 3743 387 3800 tardae
421 3743 607 3801 descensionis
642 3748 670 3801 et
696 3747 756 3817 ejus
783 3762 877 3801 semen
903 3745 970 3801 facit
995 3761 1126 3802 nauseam
1155 3750 1182 3801 et
1209 3747 1343 3802 vomitum

292 3831 346 3886 nisi
368 3834 482 3886 assetur.
515 3862 550 3870 —
580 3832 674 3902 Aqua
695 3832 822 3887 marina
844 3834 873 3887 et
894 3831 997 3887 similes
1019 3835 1084 3887 sunt
1104 3831 1177 3887 mala
1199 3831 1342 3888 stomacho

293 3920 404 3989 propter
436 3915 660 3972 mordicatiouem
693 3918 721 3972 in
748 3917 872 3986 humido,
900 3918 928 3971 in
957 3934 1010 3989 quo
1034 3919 1170 3972 consumit
1191 3917 1340 3972 humidita-

292 4005 357 4057 tem.
381 4033 421 4042 —
444 4002 633 4075 Amygdala
647 4002 694 4057 diu
709 4003 738 4057 in
754 4002 895 4057 stomacho
911 4006 1040 4057 moratur.
1065 4032 1102 4042 —
1127 3996 1275 4075 Beenm)
1298 4007 1343 4059 est

292 4086 404 4157 malum,
433 4088 498 4159 quia
526 4090 657 4160 provocat
678 4104 818 4143 nauseam.
843 4120 881 4128 -
905 4086 1033 4143 Bulbus
1056 4089 1074 4142 i.
1091 4105 1115 4143 e.
1140 4104 1206 4161 cepe
1229 4087 1342 4160 quando

292 4189 347 4228 non
362 4172 503 4245 digeritur,
519 4174 616 4246 pungit
631 4176 659 4229 et
673 4173 759 4229 inflat.
773 4206 812 4214 -
825 4167 1015 4247 Baurac¹¹³)
1031 4177 1185 4230 commovet
1195 4174 1340 4247 vomitum,
