2932 5626
97 1291 241 1347 formicae.
265 1325 304 1334 —
335 1293 450 1349 Cassia
471 1292 595 1348 fistula
617 1310 681 1349 cum
703 1310 783 1367 aqua·
798 1293 895 1350 solatri
917 1293 1024 1349 confert
1046 1299 1155 1369 aposte-

95 1378 164 1433 mati
187 1376 277 1434 calido
300 1380 329 1433 et
349 1378 459 1451 proprie
481 1379 598 1450 gutturis
614 1378 743 1434 leniendo
764 1383 792 1434 et
806 1378 1002 1450 infrigidando.
1026 1410 1068 1423 -·
1090 1379 1155 1436 Ou-

97 1459 179 1517 bezc
201 1462 220 1516 i.
237 1479 261 1519 e.
286 1462 378 1517 malva
400 1463 516 1535 agrestis
541 1463 648 1518 confert
662 1462 848 1536 infrigidando
872 1465 932 1519 sine
954 1463 1154 1520 mordicatione

95 1545 225 1602 leniendo
249 1551 277 1603 et
291 1547 496 1620 aliquantulum
510 1548 685 1604 resolvendo.
712 1581 750 1589 -
774 1548 897 1603 Furfur
918 1565 981 1603 cum
997 1552 1074 1605 aceto
1090 1549 1155 1605 forti

96 1630 204 1687 confert
229 1634 258 1688 in
285 1633 420 1706 principio
448 1635 626 1707 apostematis
656 1633 747 1688 calidi.
772 1665 812 1674 -
835 1632 937 1688 Glans
961 1633 1068 1690 confert
1091 1635 1156 1707 quia

94 1715 129 1770 fr.
147 1719 274 1791 etstypt.
300 1750 340 1758 -
364 1717 496 1792 (H)olus
515 1718 685 1788 jamenum
708 1722 736 1774 et
758 1721 801 1774 est
815 1717 901 1774 herba
916 1718 1013 1774 similis
1037 1719 1155 1792 atriplici

95 1801 274 1874 emplastrata
296 1801 403 1859 confert
424 1804 490 1874 quia
504 1801 538 1858 fr.
556 1805 584 1858 et
598 1803 646 1858 hu.
661 1803 690 1858 in
707 1797 749 1858 2⁰.
774 1835 814 1842 —
838 1800 1072 1876 (H)arundinis
1088 1804 1155 1858 folia

95 1885 209 1941 humida
231 1886 377 1943 conferunt
400 1889 465 1960 qnia
486 1888 519 1942 fr.
544 1919 585 1928 -
607 1887 626 1943 J
630 1889 831 1961 usquiamus
848 1888 954 1943 confert
968 1887 1154 1961 infrigidando

96 1973 124 2027 et
146 1970 270 2028 dolorem
297 1971 420 2028 sedando
449 1989 500 2028 sua
529 1971 741 2046 stupefactione.
776 2005 817 2013 -
850 1972 868 2028 J
874 1971 971 2029 abort
993 1974 1009 2029 i.
1028 1990 1051 2028 e.
1075 1973 1155 2028 radix

95 2054 293 2129 mandragorae
309 2056 416 2112 confert
431 2059 496 2129 qnia
510 2057 556 2129 fn,
578 2056 652 2113 unde
668 2074 731 2112 oum
747 2061 823 2114 aceto
840 2057 1002 2131 erysipelas.
1027 2090 1067 2099 -
1091 2058 1154 2113 Lac

95 2141 201 2196 confert
217 2143 283 2214 quia
297 2141 452 2197 lenitivum.
477 2175 517 2183 -
540 2143 670 2215 Lingua
693 2145 773 2216 agni
796 2142 902 2199 confert
923 2142 1110 2215 infrigidando
1126 2145 1155 2199 et

94 2226 316 2298 repercutiendo.
353 2259 392 2268 —-
427 2226 509 2282 Lilii
535 2227 604 2282 folia
626 2244 688 2283 cum
711 2229 816 2284 semine
838 2229 903 2282 trita
925 2244 987 2282 cum
1009 2229 1074 2283 vino
1097 2244 1153 2284 em-

94 2309 228 2383 plastrata
251 2328 334 2385 super
356 2312 523 2386 erysipelam
547 2312 654 2368 confert
675 2312 758 2369 valde
789 2315 817 2368 et
846 2315 939 2368 tamen
961 2313 1014 2368 hoc
1037 2317 1079 2368 θεῖ
1100 2315 1153 2367 mi·

94 2411 157 2449 rum
180 2413 243 2450 cum
266 2397 302 2452 sit
324 2397 375 2454 cal.
398 2398 427 2452 in
452 2391 497 2465 2⁰3
526 2397 576 2452 sed
599 2397 681 2453 credo
696 2397 749 2453 hoc
765 2413 826 2453 esse
849 2399 913 2470 quia
932 2397 1016 2453 habet
1030 2399 1153 2472 proprie-

94 2483 179 2535 tatem
202 2480 327 2538 dolorem
350 2480 467 2538 sedandi
489 2486 517 2538 et
539 2486 663 2538 removet
677 2482 915 2555 putrefactionem.
940 2515 980 2523 -
1002 2483 1152 2538 Lactuca

94 2564 201 2621 confert
223 2569 250 2622 et
272 2569 315 2621 est
329 2567 402 2623 bona
417 2567 581 2641 erysipelae.
606 2599 646 2607 -
669 2567 769 2621 Linus
793 2567 899 2622 confert
922 2585 971 2622 sua
992 2567 1150 2641 frigiditate,

93 2649 167 2706 unde
190 2653 233 2706 est
250 2650 341 2706 bonus
357 2652 519 2725 erysipelas.
538 2684 578 2692 -
593 2651 741 2708 Muscum
757 2669 845 2725 aquae
861 2652 967 2708 confert
982 2670 1032 2708 sua
1046 2652 1151 2726 frigidi-

92 2737 158 2804 tate,
176 2735 249 2792 unde
266 2736 371 2793 confert
385 2736 540 2811 erysipelae
560 2740 588 2793 et
606 2737 746 2793 formicae.
761 2769 801 2778 —
813 2737 837 2791 N
844 2754 882 2793 en
889 2737 963 2792 ufar
978 2738 1086 2794 confert
1102 2755 1152 2794 sua

92 2819 252 2892 frigiditate.
266 2852 305 2861 —
319 2819 498 2878 Olibanum
513 2839 576 2877 cum
592 2821 727 2878 ohimolea
746 2826 774 2878 et
788 2822 824 2877 ol.
841 2839 895 2877 ros.
913 2822 1019 2878 confert
1041 2827 1149 2896 aposte-

92 2905 212 2961 matibus
228 2906 450 2962 mammillarum.
467 2938 506 2947 —
522 2905 641 2981 Opium
657 2907 764 2963 confert
780 2909 844 2979 quia
859 2907 920 2979 frig.
946 2939 981 2947 —
1007 2906 1151 2964 Ordeum

91 2988 209 3044 fractum
233 2991 338 3046 confert
360 2993 425 3063 quia
447 2991 509 3064 frig.
534 3024 574 3032 -
598 2991 761 3064 Psyllium
784 3009 847 3047 cum
870 2995 948 3047 aceto
966 2993 1071 3048 confert
1087 2994 1152 3065 quia

91 3073 136 3145 fr.‚
160 3077 246 3148 stypt.
281 3107 321 3116 -
355 3076 536 3133 Portulaca
564 3075 671 3132 confert
700 3079 765 3150 quia
791 3076 864 3149 frig,
887 3077 975 3150 hum,
1000 3081 1084 3150 stypt.
1109 3110 1150 3118 -

92 3157 204 3214 Poma:
229 3176 325 3216 eorum
346 3161 413 3217 folia
435 3161 582 3218 conferunt
597 3162 662 3234 quia
676 3161 738 3234 frig.
756 3165 783 3217 θῖ
797 3161 873 3216 hum.
898 3195 938 3202 -
961 3162 1062 3233 Rosa,
1087 3164 1152 3236 qnia

90 3243 151 3317 frig.
176 3245 342 3301 confortans.
367 3279 407 3288 —
430 3246 559 3316 Rubus,
583 3246 650 3302 folia
672 3249 732 3319 ejus
753 3247 818 3320 quia
833 3247 894 3319 frig.
919 3281 960 3287 —
983 3246 1151 3320 Sqninan-

91 3331 161 3384 tum
183 3330 289 3386 confert
311 3332 376 3405 quia
399 3334 484 3405 stypt.
502 3335 529 3386 et
544 3333 653 3404 proprie
668 3332 719 3387 flos
736 3333 807 3403 ejus.
831 3364 872 3372 -
896 3331 1065 3387 Solatrum
1088 3349 1151 3388 cum

91 3412 127 3469 ol.
152 3431 206 3470 ros,
231 3415 338 3471 confert
359 3417 424 3489 quia
445 3416 507 3488 frig.
532 3448 573 3456 —
605 3416 717 3472 Usnee
740 3419 768 3472 et
790 3420 833 3472 est
856 3419 949 3472 cortex
971 3419 1063 3473 tenuis
1087 3434 1151 3473 con·

90 3497 145 3554 fert
167 3501 230 3572 quia
252 3501 313 3572 frig.
339 3532 378 3540 -
402 3500 500 3556 Viola
522 3502 588 3574 quia
609 3501 641 3556 fr.
659 3504 686 3557 et
707 3501 754 3556 hu.
779 3505 807 3557 et
822 3503 933 3575 proprie
956 3518 1020 3558 cum
1041 3503 1077 3558 ol.
1093 3520 1147 3559 ros.

93 3615 131 3624 -
155 3583 258 3657 Virga
273 3587 421 3658 pastoris
438 3585 543 3642 confert
558 3586 696 3658 flegmoni,
718 3586 872 3660 erysipelae
888 3590 916 3643 et
932 3588 1150 3661 apostematibus

91 3668 230 3740 ulceratis‚
253 3672 319 3742 quia
345 3673 428 3744 stypt.
458 3687 520 3726 cum
541 3671 661 3744 quadam
684 3673 811 3727 acuitate.
836 3704 875 3713 —
900 3672 1006 3740 Quaere
1028 3673 1092 3747 plus
1116 3673 1151 3729 de

89 3753 151 3809 istis
174 3772 258 3828 supra
279 3754 314 3811 de
336 3756 474 3811 medicina
497 3757 681 3812 constrictiva.
705 3788 746 3796 —

90 3965 242 4024 Secundo
269 3967 445 4024 videamus
474 3968 658 4023 medicinas
687 3973 897 4026 maturantes
924 3974 1148 4043 apostemata:

175 4094 319 4149 Anetum
341 4097 460 4149 maturat
480 4097 652 4168 apostemata
666 4094 766 4167 frigida
781 4097 901 4152 maxime
925 4101 1037 4152 anetum
1060 4096 1149 4152 humi-

90 4177 157 4232 dum
172 4178 295 4234 sedando
310 4178 448 4235 leniendo.
467 4211 507 4218 -
523 4178 636 4253 Adeps
651 4181 729 4252 porci
746 4181 795 4236 cal.
821 4213 861 4221 -
885 4181 1010 4236 Althea
1029 4183 1148 4238 maxime

90 4266 261 4336 apostemata
283 4266 445 4336 sanguinea,
470 4296 511 4304 -
534 4263 698 4337 Butyrum
721 4281 817 4321 recens
845 4282 907 4321 cum
930 4266 1098 4322 resolutione
1121 4269 1149 4322 et

88 4347 304 4404 mollificatione.
339 4381 377 4389 —
412 4349 573 4421 Butyrum
595 4367 660 4405 non
683 4366 800 4405 recens
831 4353 950 4405 maturat
978 4353 1149 4423 apostemata

89 4448 235 4506 corporum
258 4433 384 4489 mollium
411 4434 521 4507 proprie
544 4435 622 4507 puori
645 4437 672 4490 et
694 4433 842 4490 mulierum
872 4438 900 4490 et
921 4436 1032 4509 proprie
1054 4437 1083 4490 in
1105 4452 1148 4491 ra-

89 4515 150 4573 dice
173 4519 256 4573 aun's,
281 4551 321 4559 —
345 4518 625 4592 coloquinthidis
647 4519 714 4573 folia
737 4522 876 4575 maturant
891 4536 953 4576 cum
968 4519 1146 4577 resolutione.

90 4633 129 4640 -
153 4600 266 4658 Oculis
281 4607 401 4659 maturat
416 4603 567 4676 flegmones
583 4606 611 4659 et
626 4603 750 4659 duritias.
769 4637 808 4645 —
832 4604 994 4661 Crotonia
1008 4606 1027 4660 i.
1041 4621 1065 4660 e.
1082 4604 1147 4661 faex
