2932 5626
586 661 796 726 ..9,8..

157 870 199 880 -
221 836 458 894 Aristolochia
483 837 603 894 rotunda
626 836 733 893 confert
755 837 863 906 asmati‚
886 837 985 911 pectus
1008 837 1036 890 et
1057 834 1220 909 pulmonem

157 922 375 980 mundificando.
415 922 492 978 ldem
509 922 577 978 dicit
597 923 676 978 Avio.
693 921 742 992 ΙΙΙ,
766 921 801 978 de
823 938 890 983 cura
912 923 981 993 ejus.
1005 951 1046 961 —
1068 918 1222 975 Alcanna

159 1008 266 1066 confert
286 1007 417 1081 pleuresi.
446 1038 487 1048 -
520 1008 606 1063 Assa
629 1006 765 1063 dissoluta
786 1008 815 1062 in
838 1022 911 1080 aqua
932 1006 1101 1078 gargarizata
1121 1018 1221 1060 vocem

159 1093 292 1150 clarificat
314 1095 342 1149 et
364 1093 459 1148 statim
482 1091 590 1149 confert
619 1093 691 1148 tussi
718 1093 857 1164 antiquae.
892 1123 934 1132 -
967 1091 1086 1163 Apium
1113 1088 1222 1145 confert

159 1180 258 1234 asmati
280 1180 309 1234 et
330 1179 401 1233 tussi
423 1179 452 1234 et
466 1176 627 1234 difficultati
641 1177 790 1233 hanelitus.
813 1208 855 1218 -—
878 1175 964 1232 Azul
985 1175 1092 1232 confert
1111 1174 1219 1231 asmati.

158 1281 200 1327 ε·
222 1262 412 1336 Amygdala
435 1278 632 1318 amaracum
656 1261 746 1335 amylo
770 1260 876 1318 confert
898 1264 980 1336 sputo
1003 1251 1153 1333 sanguinis.
1178 1289 1221 1300 -

158 1346 372 1420 Amygdalae
387 1347 505 1404 dulces
521 1346 667 1404 conferunt
682 1347 752 1402 tussi
768 1349 907 1421 antiquae,
932 1347 1031 1403 nemeti
1046 1349 1074 1402 ct
1087 1344 1219 1418 pleuresi.

161 1465 198 1475 -
222 1432 317 1506 Aqua
337 1431 468 1505 frigida
489 1435 573 1488 nocet
594 1433 700 1506 pectori
721 1431 813 1488 valde.
836 1464 878 1472 -
900 1432 996 1504 Aqua
1016 1432 1143 1487 marina
1162 1445 1221 1485 em-

158 1518 273 1575 brooata
297 1516 404 1573 confert
427 1519 593 1590 apostemati
614 1517 791 1574 mammillae.
815 1548 856 1558 —
879 1517 974 1590 Aqua
1001 1517 1030 1572 11
1053 1532 1108 1588 qua
1129 1515 1221 1571 extin-

159 1603 252 1674 guitur
277 1600 383 1658 ferrum
410 1601 517 1659 confert
544 1604 626 1674 sputo
661 1603 812 1674 sanguinis.
847 1634 888 1644 —
926 1600 1081 1674 Amylum
1114 1599 1223 1657 confert

158 1685 292 1744 leniendo
316 1689 415 1761 pectus
438 1689 466 1742 et
493 1686 602 1742 fluxum
627 1686 799 1760 prohibendo
827 1686 910 1760 (ltem
933 1687 1031 1742 Isaac
1051 1687 1081 1741 in
1103 1683 1220 1759 dietis).

159 1804 200 1814 —
228 1772 352 1828 Ameos
376 1772 483 1827 saniem
504 1772 624 1845 pectoris
646 1771 818 1827 mundificat.
853 1804 894 1814 —
926 1771 1148 1828 Abrotonum:
1173 1769 1222 1826 de·

160 1858 248 1914 coctio
276 1859 336 1928 ejus
359 1856 467 1913 confert
488 1856 646 1912 difficultati
668 1856 817 1913 hanelitus.
842 1889 882 1898 -
905 1858 1053 1913 Anetum
1075 1858 1104 1913 et
1125 1872 1222 1920 semen

160 1944 220 2015 ejus
244 1942 349 1997 faciunt
363 1941 407 1997 lac
423 1940 564 1998 abundare
588 1940 670 2014 (Item
685 1942 757 1998 Bas.
775 1942 813 1996 ΙΙΙ
834 1941 903 2016 AL).
928 1974 968 1982 -
991 1941 1120 1997 Allium
1142 1939 1223 1997 clari·

158 2027 225 2083 licat
259 2043 358 2084 vocem
391 2028 419 2082 et
453 2026 560 2083 confert
592 2028 664 2082 tussi
694 2028 824 2099 antiquae
854 2030 881 2082 et
907 2027 997 2083 dolori
1027 2025 1138 2098 frigido.
1181 2057 1222 2068 --

160 2111 311 2168 Altheae
334 2127 430 2167 semen
452 2111 560 2167 confert
581 2113 652 2167 tussi
666 2111 794 2167 faciendo
809 2111 892 2168 facile
908 2114 1019 2186 sputum
1044 2114 1072 2168 et
1093 2109 1224 2185 prohibet

160 2197 270 2252 fluxum
300 2198 442 2268 sanguinis
470 2198 535 2269 quia
564 2197 716 2269 stypticam
739 2199 767 2252 et
789 2197 896 2253 confert
917 2197 1038 2270 pleuresi
1060 2195 1222 2270 emplastra-

161 2284 221 2336 tum
243 2282 308 2354 quia
322 2283 474 2337 maturans
500 2313 539 2321 —-
562 2281 663 2338 Aceti
685 2283 865 2353 gargarizatio
882 2281 989 2338 confert
1002 2282 1105 2337 tumori
1120 2279 1223 2337 uvolae

161 2365 333 2440 prohibendo
356 2366 465 2421 fluxum
478 2365 635 2421 humorum.
659 2398 700 2407 -
722 2366 905 2438 Agarioum
928 2365 1035 2423 confert
1049 2367 1156 2422 asmati.
1180 2397 1222 2408 -

162 2450 331 2523 Bedegar:
355 2450 435 2507 radix
457 2451 518 2522 ejus
541 2450 647 2507 confert
664 2454 745 2524 sputo
761 2452 902 2524 sanguinis
923 2453 988 2525 quia
1003 2453 1162 2525 stypticam.
1180 2482 1223 2492 -

161 2535 313 2591 Balsami
345 2535 452 2608 lignum
480 2535 587 2592 confert
613 2535 766 2592 visceribus
794 2552 879 2609 super
900 2536 1053 2609 diafragma
1074 2537 1141 2608 quia
1162 2552 1223 2592 aro-

162 2622 303 2676 maticum.
327 2649 368 2661 -
391 2619 501 2677 Barba
522 2621 655 2676 hircina
678 2620 784 2676 confert
805 2624 887 2694 sputo
910 2622 1053 2695 sanguinis
1074 2622 1139 2694 quia
1165 2623 1223 2693 sty-

162 2707 246 2779 ptica.
271 2737 311 2746 -
335 2704 508 2763 Bdellium
524 2705 631 2761 confert
645 2705 864 2778 apostematibus
881 2708 1000 2778 gutturis
1016 2708 1044 2763 et
1058 2707 1129 2762 tussi
1152 2707 1223 2770 anti-

164 2806 234 2864 quae
249 2790 413 2846 maturando
429 2793 457 2846 et
470 2790 610 2846 leniendo.
633 2822 675 2831 -
698 2789 859 2863 Butyrum
877 2807 974 2847 recens
989 2808 1053 2848 cum
1068 2790 1223 2863 amygdalis

164 2878 192 2931 et
213 2890 328 2930 zuccaro
345 2874 452 2931 confert
466 2876 555 2930 siccae
578 2877 648 2931 tussi
670 2877 698 2930 ct
719 2875 840 2949 pleuresi
855 2875 985 2932 leniendo
1006 2875 1171 2931 maturando
1194 2878 1225 2931 et

164 2963 278 3034 sputum
298 2959 483 3032 procurando.
506 2991 547 3002 -
569 2959 731 3033 Butyrum
753 2976 809 3014 non
825 2977 921 3017 recens
939 2978 1003 3016 cum
1017 2960 1224 3017 11111111111-

164 3060 227 3109 caro
251 3047 279 3099 et
300 3044 455 3117 amygdalis
478 3045 578 3100 amaris
601 3044 707 3101 confert
729 3044 867 3101 ulceribus
895 3046 1036 3119 pulmonis
1051 3046 1224 3118 sanguinem

164 3127 344 3185 extrahendo.
366 3160 408 3168 —
430 3129 614 3202 Coagulum
633 3129 747 3185 resolvit
762 3132 925 3202 sanguinem
939 3130 1117 3203 congelatum
1130 3131 1160 3186 in
1174 3147 1224 3203 pe-

165 3217 249 3271 ctore.
273 3246 313 3255 —
337 3213 536 3269 Camomilla
561 3214 673 3270 alleviat
699 3217 820 3286 sputum.
856 3245 897 3256 -
932 3215 1033 3288 Cepc:
1061 3231 1133 3288 aqua
1159 3231 1223 3270 cum

165 3298 248 3354 melle
271 3297 378 3355 confert
400 3298 607 3372 praefocatioui.
631 3330 672 3340 —
696 3299 824 3355 Coralli
847 3300 888 3355 dr.
909 3301 921 3355 1
949 3299 1075 3356 confecta
1097 3316 1160 3355 oum
1182 3299 1224 3355 al-

164 3384 277 3441 bumine
300 3383 346 3438 ovi
369 3385 397 3438 11
418 3384 523 3455 gummi
545 3382 619 3439 arab.
645 3383 751 3440 confert
774 3387 856 3458 sputo
879 3385 1021 3457 sanguinis
1043 3386 1137 3458 ipsum
1157 3386 1224 3440 reti-

165 3468 267 3525 nendo.
292 3500 333 3508 -
356 3468 513 3525 Cubebac
535 3467 718 3524 mundificant
739 3473 837 3542 pectus
859 3472 969 3525 tantum
991 3486 1008 3524 a
1029 3469 1157 3542 flegmate
1180 3486 1224 3526 se-

166 3554 288 3609 cundum
310 3551 395 3608 Hali.
419 3584 460 3594 -
484 3552 679 3610 Castorcum
702 3554 911 3627 suffumigatum
926 3554 1032 3611 confert
1047 3555 1224 3627 apostemati-

164 3638 218 3695 bus
244 3637 394 3712 pulmonis.
430 3656 481 3678 -·
504 3639 641 3694 Caseus:
676 3655 748 3712 aqua
774 3639 944 3696 decoctionis
971 3641 1031 3711 ejus
1058 3642 1154 3712 potata
1180 3638 1225 3695 lac

165 3723 340 3797 multiplicat.
374 3754 416 3763 -
450 3723 698 3783 Cinnamomum
721 3723 828 3780 confert
849 3725 921 3780 tussi
942 3723 1158 3780 mundificando.
1182 3756 1224 3764 —

167 3809 291 3865 Crocus
314 3807 451 3864 confortat
473 3809 657 3864 instrumenta
679 3808 832 3878 hanelitus3
856 3811 956 3865 iterum
977 3809 1045 3865 facit
1064 3808 1175 3865 facilem
1190 3808 1225 3882 (l)

167 3896 281 3966 sputum
302 3892 394 3949 valde.
419 3924 460 3934 —
483 3893 751 3966 Coloquinthida
772 3894 877 3950 faciens
893 3895 1103 3952 evacuationem
1119 3893 1227 3951 confert

167 3979 303 4034 hanelitui
324 3977 511 4034 vehementer.
547 4010 587 4020 —
622 3979 719 4035 Cicer
742 3978 874 4035 clarificat
895 3996 993 4035 vocem
1015 3982 1042 4035 et
1063 3979 1227 4053 pulmonem

167 4064 262 4117 nutrit.
287 4095 327 4104 —
351 4063 516 4118 Ciminum
532 4079 595 4118 cum
610 4066 688 4120 aceto
705 4065 823 4118 mixtum
837 4064 944 4120 confert
959 4062 1118 4119 difficultati
1140 4063 1227 4120 hane·

167 4145 242 4203 litus.
260 4179 300 4188 -
324 4148 490 4221 Capparis
512 4147 604 4204 salicis
620 4148 727 4206 confert
742 4150 849 4204 asmati.
867 4181 906 4190 -
924 4148 1038 4204 Caulis
1054 4165 1128 4222 aqua
1144 4148 1226 4205 clari·
