2932 5626
682 387 893 450 ..76-

258 561 313 618 olei
334 563 454 616 maturat
476 563 504 617 et
526 560 659 617 calefacit.
695 593 735 601 —
769 560 1041 633 Foenugraecum
1063 562 1183 615 maturat
1205 563 1315 633 aposte-

258 649 333 702 mata
361 645 503 702 tendentia
534 646 569 701 ad
597 646 726 701 duritiem
748 648 775 702 et
796 646 911 702 resolvit
933 646 1000 701 dum
1022 648 1115 702 tamen
1137 661 1193 700 non
1216 645 1252 700 sit
1273 647 1315 700 in-

257 732 410 800 flammata;
438 729 538 804 digerit
564 733 637 786 enim
667 735 694 786 et
723 731 800 786 lenit.
832 763 872 771 —
908 731 1044 786 Comma
1070 730 1238 802 albothim·
1253 731 1272 784 i.
1290 746 1313 785 e.

257 815 444 872 terebinthina
475 819 596 871 maturat
628 818 800 889 apostemata
827 816 982 889 flegmatica
1009 814 1157 890 aperiendo
1186 814 1314 870 leniendo

259 901 442 973 abstergendo
466 917 528 956 cum
551 899 670 974 quadam
693 902 864 973 stypticitate
886 917 942 975 qua
965 901 1102 957 confortat
1123 900 1256 956 membra.
1274 932 1314 941 —

258 986 350 1043 lreos
374 985 478 1041 elirata
498 985 621 1042 lenificat
643 986 767 1055 durities,
790 1001 885 1059 grossa
907 989 1080 1060 apostemata
1102 989 1130 1042 et
1152 984 1315 1058 scrophulas

258 1073 322 1143 quia
345 1070 444 1143 digerit
464 1074 492 1127 et
514 1072 610 1144 aperit.
635 1103 676 1111 -
698 1070 829 1145 Ysopus
852 1071 990 1127 humida
1011 1073 1029 1127 i.
1043 1087 1067 1128 e.
1089 1069 1216 1126 sordities
1236 1069 1315 1125 lanae

259 1157 353 1211 ovium
374 1158 494 1212 maturat
516 1157 581 1227 quia
604 1172 643 1211 ca.
668 1158 697 1211 et
718 1155 765 1211 hu.
800 1188 837 1197 -
874 1155 990 1213 Lubue
1012 1158 1030 1211 i.
1047 1173 1071 1212 e.
1096 1159 1189 1211 storax
1210 1155 1317 1227 liquida

258 1241 365 1297 confert
391 1241 467 1296 duris
496 1239 713 1313 apostematibus
741 1243 807 1312 quia
834 1243 999 1296 maturativa
1032 1244 1061 1298 et
1086 1241 1200 1296 lenitiva
1221 1239 1314 1310 valde,

257 1326 384 1382 calefacit
406 1328 480 1382 enim
503 1329 530 1382 et
551 1326 673 1382 resolvit.
698 1358 739 1366 -
761 1325 845 1381 llum
866 1328 884 1382 i.
901 1343 924 1382 e.
949 1326 1077 1383 sordities
1099 1325 1216 1381 alvearis
1232 1342 1316 1399 apum

257 1413 386 1482 maturat,
402 1427 458 1466 non
473 1413 566 1467 tamen
581 1411 708 1481 multum,
729 1411 843 1467 resolvit
858 1413 932 1467 enim
946 1414 1058 1486 propter
1072 1413 1200 1466 naturam
1214 1409 1314 1467 mellis.

258 1528 298 1537 -
321 1495 470 1553 Medulla
493 1497 579 1552 ossis
602 1498 723 1552 maturat
749 1496 818 1552 dura
845 1500 1027 1570 apostemata,
1055 1497 1165 1570 proprie
1187 1496 1267 1551 vituli
1290 1499 1318 1552 et

257 1583 340 1638 cervi.
375 1613 415 1622 -
445 1579 507 1636 Pix
528 1580 664 1653 liquida
693 1580 763 1637 lenit
790 1581 857 1636 dura
885 1581 1066 1655 apostemata,
1090 1581 1221 1654 abstergit
1243 1583 1316 1637 enim

258 1683 321 1721 cum
335 1668 519 1723 maturatione
535 1666 599 1739 quia
615 1669 658 1722 est
673 1683 712 1721 ca.
730 1669 759 1723 et
773 1666 821 1722 hu.
845 1699 886 1708 -
909 1668 1025 1723 binus:
1050 1668 1111 1738 ejus
1134 1683 1227 1723 semen
1248 1666 1317 1722 lenit

257 1755 430 1826 apostemata
450 1753 561 1826 proprie
584 1751 683 1821 calida,
707 1755 827 1808 maturat
841 1753 915 1808 enim
930 1769 994 1808 cum
1009 1751 1191 1822 abstersione,
1213 1752 1316 1807 frixum

257 1854 318 1892 cum
343 1837 522 1910 stypticitate,
546 1851 601 1891 non
624 1836 726 1892 frixum
743 1853 806 1892 cum
821 1837 1017 1894 lenificatione.
1043 1868 1080 1878 -
1106 1836 1251 1910 Sanguis
1267 1836 1316 1893 le-

256 1924 349 1995 poris
373 1938 413 1977 ca.
438 1924 558 1978 maturat
585 1924 757 1995 apostemata
787 1922 884 1978 calida.
925 1955 958 1962 -
995 1922 1087 1978 Sicla
1112 1924 1240 1977 maturat.
1275 1955 1314 1963 —

257 2006 362 2074 Quaere
385 2007 449 2080 plus
472 2023 556 2081 supra
578 2007 612 2062 de
639 2008 769 2081 operibus
793 2007 995 2078 communibus,
1019 2002 1069 2064 ubi
1092 2008 1182 2079 agitur
1203 2006 1238 2063 de
1259 2024 1317 2063 me-

256 2092 347 2148 dicina
358 2093 533 2163 maturatius,
545 2095 573 2148 et
585 2091 624 2147 ibi
635 2093 748 2165 ponitur
759 2094 914 2167 proprietas
926 2093 1079 2149 medicinae
1091 2094 1264 2148 maturantis.
1276 2125 1316 2133 -

311 2303 424 2360 Tertio
448 2304 620 2361 videamus
644 2321 729 2378 quae
752 2306 821 2360 sint
842 2304 1032 2361 medicinae
1056 2305 1275 2361 conterentes

531 2390 803 2463 apostematibus
826 2389 1042 2446 resolvendo:

342 2517 484 2572 Anisum
503 2520 546 2572 est
561 2517 736 2590 aperitivum
759 2518 941 2575 resolutivum
956 2533 1019 2572 cum
1034 2518 1204 2591 stypticitate
1226 2520 1254 2574 et
1276 2534 1318 2574 se-

257 2603 368 2659 datione
391 2602 493 2658 doloris
515 2601 645 2658 leniendo
669 2604 728 2658 sine
750 2603 958 2659 mordicatione.
990 2633 1031 2642 -
1062 2603 1318 2658 Ammoniacum
1341 2664 1348 2677 ι

257 2687 433 2757 exsiccando,
456 2686 586 2743 leniendo
610 2688 669 2743 sine
692 2687 899 2744 mordicatione.
924 2719 965 2728 -
988 2686 1145 2742 Alcanna
1175 2689 1316 2758 carminat,

257 2774 353 2847 aperit,
385 2771 508 2842 resolvit,
538 2773 661 2828 exsiccat
693 2789 756 2828 cum
779 2774 948 2847 stypticitate
972 2773 1031 2828 sine
1054 2776 1220 2829 nocumento
1243 2773 1317 2828 uude

255 2860 284 2913 in
307 2858 422 2913 materia
443 2873 533 2930 pauca
555 2860 598 2913 est
618 2856 693 2913 bona
714 2859 742 2912 in
765 2860 902 2932 principio
926 2858 991 2931 quia
1013 2862 1056 2914 est
1077 2857 1111 2913 ir.
1139 2861 1166 2914 et
1188 2859 1252 2913 sice.
1277 2890 1317 2897 —

257 2944 379 3016 Apium
401 2941 515 2998 resolvit
530 2945 703 3016 apostemata
718 2943 882 3016 flegmatica.
908 2973 947 2984 ·-
970 2941 1181 2999 Abrotonum
1203 2943 1318 2998 resolvit

256 3028 412 3101 flegmatica
428 3028 538 3101 proprie
555 3030 632 3083 cocta
648 3044 711 3083 cum
727 3027 895 3102 cic(h)oniis.
919 3059 959 3068 —
983 3028 1128 3084 Anetum
1150 3029 1254 3083 siccum
1276 3045 1318 3083 re-

257 3113 340 3168 solvit
361 3112 525 3184 flegmatica.
549 3145 590 3153 -
614 3111 809 3169 Affodillus
825 3113 940 3170 resolvit
954 3114 1109 3186 flegmatica
1124 3113 1316 3186 abstergendo.

257 3230 297 3239 -
332 3198 512 3270 Agaricum
546 3197 653 3253 confert
681 3197 809 3254 omnibus
837 3198 954 3271 frigidis,
985 3202 1050 3272 quia
1072 3198 1194 3269 resolvit,
1222 3199 1319 3254 incidit

256 3299 367 3356 grossos
389 3283 520 3338 humores
543 3286 571 3338 et
593 3284 682 3356 aperit
697 3283 863 3357 opilationcs
879 3300 942 3339 cum
958 3285 1139 3358 stypticitate.
1165 3316 1204 3324 -
1229 3284 1317 3340 Been

258 3369 372 3425 resolvit
395 3367 543 3442 aperiendo
567 3384 629 3422 curn
652 3367 831 3424 abstersione.
867 3396 908 3411 --
941 3368 1111 3426 Bdellium
1140 3385 1203 3423 curn
1230 3369 1318 3424 saliva

254 3455 349 3526 jejuni
372 3453 478 3509 confert
505 3452 611 3525 frigidis
639 3453 865 3526 apostematibus.
904 3485 936 3494 -
975 3454 1124 3511 Cerussa
1146 3453 1180 3508 de
1202 3453 1317 3527 plumbo

256 3555 327 3611 quae
350 3538 382 3594 fit
404 3555 466 3594 curn
490 3540 567 3593 aceto
591 3537 697 3594 confert
719 3538 795 3594 duris
811 3539 1029 3613 apostematibus
1052 3537 1228 3608 lenificando‚
1253 3538 1317 3593 sub-

256 3623 382 3694 tiliando‚
405 3622 563 3678 incidendo.
588 3655 629 3663 —
652 3622 780 3680 Crocus
802 3624 916 3680 resolvit
939 3641 1002 3679 cum
1025 3624 1195 3698 stypticitate
1217 3626 1246 3678 et
1260 3639 1317 3677 nra-

256 3711 403 3764 turatione.
439 3740 479 3748 -
514 3707 680 3762 Ciminum
710 3725 773 3764 cum
804 3708 865 3765 oleo
894 3711 923 3765 et
951 3710 1041 3765 farina
1061 3707 1189 3764 fabarum
1212 3708 1319 3763 confert

257 3792 475 3867 apostematibus
498 3793 697 3849 testiculorum.
736 3794 813 3850 ldem
835 3793 903 3850 dicit
925 3794 1016 3850 Avic.
1033 3788 1073 3848 11⁰
1095 3793 1130 3849 de
1144 3792 1226 3863 fabis,
1242 3793 1318 3866 quod

256 3878 337 3936 fabae
358 3896 421 3972 cum
441 3879 506 3934 vino
527 3877 601 3935 idem
621 3878 737 3934 iaciunt.
755 3878 979 3954 -Capparis
1001 3878 1125 3949 resolvit,
1149 3880 1246 3953 aperit,
1271 3878 1318 3933 ab·
