2932 5626
353 873 406 930 fert
432 873 552 948 ungulae
578 877 607 931 et
631 874 754 949 albugini
761 897 769 948 ;
804 879 847 934 est
871 876 944 933 euim
970 877 1121 950 stypticum
1141 876 1327 934 vehementer.
1355 880 1404 919 -'

350 958 482 1034 Ysopus
505 959 610 1017 confert
631 962 846 1035 apostematibus
872 961 959 1034 oculi,
982 965 1025 1019 est
1049 963 1123 1018 enim
1148 965 1311 1020 maturativa
1334 980 1397 1019 cum

351 1045 527 1102 resolutione.
551 1079 592 1088 -
613 1046 743 1122 Ysopus
766 1050 839 1105 sicca
860 1051 938 1104 cocta
952 1048 1128 1122 emplastrata
1144 1049 1249 1106 confert
1271 1051 1397 1122 sanguini

351 1135 457 1188 mortuo
480 1131 533 1188 sub
555 1131 696 1207 palpebra.
731 1167 771 1176 -
805 1132 960 1190 Zinziber
986 1133 1092 1190 confert
1113 1134 1302 1191 tenebrositati
1325 1135 1398 1190 oculi

351 1220 478 1274 causatae
492 1222 604 1292 propter
617 1218 819 1293 humiditatem,
842 1219 956 1276 resolvit
977 1221 1051 1276 enim
1072 1222 1101 1277 et
1121 1220 1241 1277 lenificat
1262 1237 1325 1277 cum
1347 1220 1396 1278 ab·

350 1304 492 1360 stersione.

485 1517 552 1575 Hac
575 1522 652 1575 suut
673 1519 862 1576 medicinae
885 1536 968 1593 quac
990 1521 1112 1576 nocent
1134 1518 1255 1575 oculis:

434 1647 575 1719 Argenti
596 1649 666 1703 vivi
688 1648 779 1703 fumus
795 1648 911 1704 destruit
925 1649 1016 1704 visum
1031 1664 1081 1703 sua
1094 1646 1244 1719 frigiditate
1267 1651 1295 1703 et
1308 1647 1397 1704 humi-

348 1731 441 1788 ditate.
467 1765 507 1772 —
529 1734 622 1806 Aqua
644 1734 756 1808 aspalt
744 1735 772 1789 ti
795 1736 837 1790 est
825 1733 931 1789 tmala
953 1732 1043 1791 oculo
1068 1765 1105 1772 -
1129 1733 1251 1788 Assidua
1265 1735 1396 1790 comestio

348 1820 440 1874 aneti
414 1817 592 1875 tdebilitat
564 1820 785 1875 atvisum.—
745 1819 940 1875 —Allium
967 1818 1092 1877 debilitat
1119 1820 1210 1873 visum
1237 1822 1302 1874 eta
1302 1819 1399 1875 ttrahit

348 1907 490 1977 apostema
512 1904 546 1960 ad
570 1903 680 1960 oculum
703 1922 752 1961 sua
773 1905 886 1961 fumosit
888 1908 1005 1960 ate.—
1027 1903 1166 1960 Assiduat
1147 1907 1185 1960 tro
1208 1907 1281 1960 acc
1285 1923 1294 1960 1
1320 1905 1397 1962 debi-

348 1989 408 2045 litat
423 1991 513 2045 visum
528 2007 578 2045 sua
593 1990 713 2063 frigidita
714 1995 785 2047 ttee
800 1992 901 2046 acuitat
939 1989 1113 2046 —Oaulis
1129 1989 1177 2046 obt
1178 1990 1291 2046 enebrat
1279 1991 1397 2046 vtisum

348 2077 514 2132 etmaxime
536 2077 610 2148 posit
612 2094 658 2131 um
679 2077 708 2132 in
731 2076 880 2132 aleofolet
901 2076 953 2132 hoc
976 2092 1026 2131 sua
1048 2091 1142 2148 grossa
1163 2075 1306 2132 fumositat
1279 2080 1330 2132 ate
1355 2109 1396 2117 -

347 2160 438 2218 Ireos
460 2162 572 2217 attrahit
592 2161 728 2235 lacrymas
751 2179 801 2217 sua
822 2163 906 2217 nimia
928 2162 1076 2235 apertione.
1094 2194 1135 2201 —
1155 2161 1311 2217 Lactuca:
1336 2164 1396 2233 ejus

348 2246 459 2302 assidua
481 2248 611 2304 comestio
634 2247 795 2304 obtenebrat
816 2249 915 2304 visum.
941 2280 976 2287 -
1001 2246 1099 2303 Lens:
1125 2263 1191 2302 usus
1214 2249 1273 2319 ojus
1293 2247 1396 2304 multus

348 2331 509 2389 obtenebrat
529 2335 629 2389 visum.
658 2366 698 2374 -
725 2334 841 2408 Opium
866 2332 950 2389 infert
971 2335 1168 2389 nocumentum
1195 2333 1275 2389 visui.
1319 2332 1396 2389 ldem

347 2418 413 2474 dicit
427 2419 602 2475 Avicenna
616 2417 655 2474 Ill
678 2419 712 2476 de
732 2436 796 2475 cura
812 2420 859 2477 obt
847 2419 966 2475 t.almiae
983 2451 1024 2458 -—
1039 2417 1229 2475 Portulaca:
1253 2435 1319 2474 usus
1335 2420 1396 2490 ejus

346 2503 450 2560 multus
472 2504 539 2561 facit
554 2503 677 2562 accidere
692 2522 816 2579 pannum
837 2507 865 2561 in
888 2505 1038 2561 oculo-
1062 2503 1188 2559 Porrus
1210 2507 1291 2560 nocet
1312 2506 1395 2561 visui.

347 2589 523 2647 —Piscis:
540 2608 628 2648 omnm
643 2607 738 2647 recens
755 2591 834 2647 oculo
849 2594 938 2647 noce
955 2588 1193 2663 Raphanus
1208 2592 1290 2647 noce
1278 2590 1394 2646 t.oculo

347 2707 388 2716 —
411 2675 641 2750 Schedengii
658 2693 682 2734 e
706 2693 800 2734 semen
823 2676 921 2733 canabi
942 2675 1104 2733 obtenebrat
1092 2677 1224 2734 tvisum.
1248 2708 1289 2717 -

445 2889 536 2946 Visis
560 2889 599 2946 de
622 2889 799 2947 medicinis
822 2889 994 2946 oculorum
1015 2905 1102 2945 nunc
1124 2888 1298 2946 videamus

671 2975 710 3033 de
732 2976 908 3033 medicinis
930 2977 1070 3031 aurium:

430 3103 660 3160 Absinthium:
678 3104 800 3160 decoctio
816 3106 876 3176 ejus
891 3103 997 3159 confert
1008 3102 1096 3160 dolori
1111 3103 1218 3159 aurium
1228 3105 1395 3161 removendo

346 3189 451 3245 fluxum
465 3189 667 3245 humiditatum.
685 3222 725 3231 -
740 3188 924 3262 Argentum
938 3191 1051 3244 vivum
1073 3188 1189 3245 destruit
1204 3189 1337 3246 audItum.
1355 3223 1395 3233 —

345 3276 594 3332 Attramentum
616 3275 779 3331 mundificat
793 3275 955 3348 sanguinem
974 3276 1090 3330 aurium.
1107 3306 1147 3316 —
1162 3275 1396 3332 Aristolochia

347 3361 472 3417 auditum
494 3361 631 3418 confortat
653 3364 681 3417 et
702 3362 789 3416 mixta
811 3377 873 3417 cum
888 3360 970 3417 melle
985 3360 1079 3417 sordes
1102 3361 1209 3416 aurium
1222 3360 1394 3418 mundificat.

346 3479 386 3489 -
412 3447 616 3521 Amygdalae
651 3449 715 3502 sunt
741 3446 830 3503 bonae
856 3446 936 3503 valde
963 3444 1051 3501 dolori
1079 3449 1106 3502 et
1134 3447 1236 3502 sonitui
1262 3448 1335 3503 auris
1368 3450 1397 3504 et

344 3535 453 3608 proprie
476 3533 567 3589 oleum
588 3548 749 3588 amararum.
785 3532 856 3588 ltem
878 3532 944 3588 dicit
959 3533 1051 3587 Ario.
1068 3531 1106 3586 ill
1127 3531 1147 3587 f.
1164 3532 1183 3587 4
1205 3534 1238 3590 tr.
1259 3533 1272 3587 1
1298 3532 1393 3607 capt

345 3619 379 3675 de
403 3619 612 3676 conservatione
638 3619 761 3674 sanitatis
784 3619 905 3689 aurium,
934 3616 1007 3691 quod
1035 3616 1185 3673 assiduatio
1206 3618 1395 3675 instillationis

346 3704 400 3761 olei
427 3705 461 3762 de
488 3703 640 3778 amygdalis
667 3705 766 3760 amaris
794 3704 824 3758 in
850 3720 915 3760 aure
942 3704 1016 3758 omui
1041 3701 1215 3760 hebdomade
1240 3704 1326 3760 semel
1352 3707 1395 3760 est

345 3790 477 3848 mirabile.
503 3823 542 3831 -
570 3790 714 3846 Auetum
741 3789 847 3846 confert
873 3788 960 3846 dolori
986 3780 1184 3845 melancholico
1208 3790 1281 3845 auris
1304 3791 1395 3846 exsic-

346 3877 432 3933 cando
454 3875 632 3932 humiditates
654 3878 724 3948 ejus.
748 3907 788 3916 —-
811 3875 923 3949 Adeps
946 3876 1076 3931 anseris
1099 3877 1127 3931 et
1147 3874 1262 3950 vulpis
1289 3875 1396 3932 confert

344 3962 426 4019 valde
441 3961 529 4020 dolori
543 3963 625 4018 auris.
644 3994 683 4003 -
699 3962 880 4017 Araneaet
868 3961 925 4017 tela
939 3977 1034 4033 grossa
1049 3975 1113 4016 cum
1127 3959 1163 4016 ol.
1180 3976 1234 4016 ros.
1251 3959 1329 4017 sedat
1317 3961 1394 4018 tdo·

344 4046 439 4104 lorem
457 4081 497 4090 -
512 4047 571 4104 Alt
576 4046 637 4103 hea
652 4047 758 4103 confert
772 4049 851 4121 apost
839 4045 1010 4103 tematibus
1002 4063 1031 4101 m
1047 4045 1192 4118 glandibus
1214 4047 1321 4102 aurium
1335 4064 1394 4103 ma-

345 4133 535 4190 turando-
557 4134 697 4191 Acetum
712 4133 786 4189 acuit
800 4132 1014 4206 auditum,quia
1029 4133 1116 4205 aperit
1132 4131 1292 4206 oprlatroues
1309 4135 1336 4188 e
1350 4149 1393 4189 re

345 4218 428 4276 solvit
449 4222 523 4278 sonit
525 4238 645 4277 um-
604 4219 767 4278 -Beem
792 4219 883 4275 oleum
906 4219 966 4291 ejus
989 4234 1050 4274 cum
1073 4217 1155 4292 adipe
1177 4218 1265 4274 anatis
1287 4217 1396 4276 confert
