2932 5626
618 455 849 520 -118-

209 632 302 702 tionis,
326 647 410 705 quare
426 646 572 687 scamonea
587 631 734 704 apponitur
748 629 783 686 ad
795 629 949 701 juvandum
964 647 1057 688 eorum
1073 632 1254 705 operationes

208 717 282 772 Dicit
311 718 384 772 enim
410 716 584 773 Avicenna
609 714 683 771 1111
709 715 780 771 ill
812 732 872 790 cap.
910 716 963 788 „de
996 733 1061 773 6616
1092 715 1255 773 defectionis

209 801 351 858 virtutis“:
383 817 529 858 66666666
558 801 670 873 adjuvat
696 801 764 857 61166
786 802 946 858 medicinas.
990 801 1059 858 Item
1081 801 1256 858 Avicenna

208 887 282 943 LIII
304 904 364 962 cap.
401 887 454 959 ,de
481 903 546 943 cura
571 886 655 943 sodae
688 887 872 944 universali“:
911 904 1057 944 scamonea
1085 888 1200 963 ponitur·
1226 889 1256 943 in

208 973 331 1029 6161111616
353 977 384 1029 61
404 974 513 1047 proprie
535 972 679 1029 rarefaciat
701 988 794 1029 earum
818 974 1000 1047 operationes.
1024 1005 1065 1014 —
1086 972 1150 1029 Alia
1171 989 1256 1029 cansa

208 1075 293 1133 quare
308 1062 373 1115 sunt
386 1059 479 1133 plures
493 1059 600 1115 radices
616 1060 658 1114 est
673 1061 704 1113 ut
716 1060 746 1114 16
760 1059 857 1115 eadem
873 1061 965 1133 specie
977 1058 1154 1132 aegritudinis
1166 1058 1256 1116 diver-

209 1161 255 1201 sas
278 1144 381 1201 faciant
403 1146 584 1218 operationes,
609 1145 689 1199 utin
711 1144 886 1219 passionibus
908 1162 1055 1202 nervorum
1076 1146 1188 1219 ponitur
1206 1161 1255 1219 pro

208 1230 267 1286 basi
283 1230 442 1305 pyrethrum
458 1233 486 1287 et
501 1233 663 1300 castoreum,
687 1231 847 1304 pyrethrum
868 1229 903 1285 ad
924 1231 1023 1304 flegma
1037 1230 1256 1288 consumendum

208 1319 236 1372 61
250 1316 465 1387 dissolvendum,
483 1319 636 1373 castoreum
651 1313 685 1370 ad
701 1315 919 1372 confortandum.
950 1316 985 1372 Et
999 1319 1066 1372 nota
1080 1315 1154 1390 quod
1168 1317 1197 1372 in
1212 1316 1255 1372 his

208 1401 315 1458 duobus
338 1401 448 1458 casibus
470 1418 565 1458 omnes
586 1400 739 1458 medicinae
753 1418 824 1475 quae
839 1405 979 1475 ponuntur
999 1401 1061 1459 loco
1084 1403 1165 1458 unius
1179 1401 1255 1458 basis

207 1486 309 1543 debent
331 1489 476 1544 convenire
497 1489 526 1543 in
548 1488 715 1561 proprietate
737 1489 765 1543 ct
787 1489 953 1561 operatione.
995 1487 1070 1555 Quae
1093 1491 1186 1544 autem
1200 1489 1257 1543 sint

207 1572 404 1629 medicinarum
431 1574 612 1648 proprietates
635 1575 761 1647 superius
784 1573 887 1629 dictum
909 1577 960 1630 661.
983 1607 1025 1615 -
1047 1573 1140 1630 Τ61116
1162 1589 1254 1644 66666,

207 1675 291 1732 quare
312 1659 406 1732 plures
427 1661 568 1733 ponuntur
588 1657 704 1729 radices,
727 1660 792 1732 quia
811 1659 948 1715 medicina
969 1661 1124 1733 composita
1144 1660 1257 1733 respicit

208 1745 329 1801 diversas
358 1744 541 1817 aegritudines
570 1745 599 1799 in
627 1744 742 1800 diversis
768 1744 898 1801 membris
925 1747 1022 1801 autin
1044 1761 1099 1800 uno
1121 1744 1254 1801 membro.

206 1830 263 1886 Ista
284 1833 376 1887 autem
397 1830 477 1885 radix
493 1832 516 1885 si
531 1846 580 1904 per
594 1846 624 1886 66
640 1829 779 1886 sufficeret
794 1834 821 1887 61
835 1830 943 1886 nullum
964 1825 1084 1909 (tamen)
1105 1847 1256 1887 nocumen-

206 1920 265 1971 tum
279 1917 308 1972 in
323 1932 353 1972 se
367 1915 490 1985 haberet,
505 1915 574 1971 nihil
590 1917 615 1971 ei
630 1915 775 1972 admisceri
797 1919 871 1973 esset
884 1917 1069 1972 necessarium
1074 1936 1082 1985 ;
1105 1917 1171 1989 quia
1189 1932 1255 1972 vero

207 2003 251 2058 est
276 2000 448 2058 insufficiens
475 2002 504 2056 in
530 2002 689 2074 operatione
712 2005 754 2058 est
776 2003 801 2057 ei
824 2001 928 2075 aliquid
951 2001 1158 2058 admiscendum
1180 2001 1255 2074 quod

207 2089 393 2161 operationem
408 2088 468 2159 ejus
483 2085 569 2142 efficit
582 2087 732 2157 fortiorem,
748 2087 858 2144 ethaeo
873 2086 1005 2144 fortitudo
1021 2089 1050 2142 in
1066 2088 1174 2145 duobus
1190 2103 1254 2143 con-

207 2174 290 2229 sist‘t:
319 2190 405 2228 uuum
433 2176 476 2228 661
500 2174 530 2227 16
556 2173 664 2230 61116116
686 2171 831 2229 identitate
854 2176 882 2228 et
904 2172 1055 2230 seeundum
1077 2175 1158 2229 istam
1180 2175 1256 2229 6166

207 2258 355 2332 diptannus
383 2257 641 2332 (latinobarbarisch
667 2257 711 2313 fiir
733 2258 899 2331 dictamnus)
928 2263 956 2315 et
980 2261 1053 2314 terra
1080 2258 1199 2332 sigillata
1225 2261 1255 2314 in

206 2345 310 2417 tyriaca
332 2347 483 2418 ponuntur3
508 2342 559 2417 (et)
582 2343 657 2399 aliud
679 2346 770 2400 estin
793 2345 918 2400 66161161
933 2347 1142 2418 praeparatione
1165 2349 1192 2401 et
1207 2361 1256 2418 per

205 2431 288 2486 istam
309 2431 380 2485 6166
404 2429 525 2486 zinziber
546 2429 675 2485 fortificat
697 2431 882 2504 operationem
903 2429 998 2486 turbit.
1043 2429 1085 2487 De
1104 2430 1146 2486 his
1163 2433 1256 2486 autem

206 2518 303 2589 postea
317 2516 427 2589 plenius
442 2514 615 2573 habebimus.
652 2515 687 2570 Et
701 2517 725 2571 si
739 2517 886 2588 quaeratur
902 2515 944 2589 (ct
957 2531 1013 2570 non
1028 2515 1186 2590 immerito),
1207 2515 1255 2572 ubi

207 2603 260 2657 1616
275 2600 348 2657 basis
363 2603 516 2674 reperiatur
530 2604 559 2656 61
573 2600 711 2674 quomodo
728 2602 830 2657 sciatur
852 2601 926 2674 quod
948 2601 1041 2674 aliqua
1062 2602 1199 2657 medicina
1213 2605 1257 2657 661

206 2687 292 2744 basis:
316 2686 387 2758 dico,
411 2685 485 2760 quod
506 2685 581 2742 basis
603 2689 631 2742 et
651 2687 700 2742 illa
721 2703 791 2760 quae
813 2688 999 2760 operationem
1014 2688 1074 2758 ejus
1089 2687 1254 2758 confortant,
1335 2684 1337 2688 '

207 2771 308 2829 debent
345 2773 415 2828 sumi
450 2789 485 2828 ex
523 2773 615 2828 616616
646 2774 845 2847 proprietatum
878 2775 906 2828 et
938 2774 1128 2846 operationum
1161 2776 1188 2828 et
1221 2789 1256 2829 ex

208 2858 300 2915 areola
325 2858 519 2914 membrorum.
565 2857 648 2914 Verbi
670 2860 767 2931 gratia:
795 2858 858 2914 volo
886 2857 1024 2930 deopilare
1047 2875 1125 2933 epar:
1150 2861 1256 2915 certum

207 2946 249 3000 est
281 2943 355 3017 quod
380 2943 491 3017 indigeo
519 2943 611 3016 aliqua
638 2943 775 3000 medicina
802 2959 872 3016 quae
894 2943 1017 3018 deopilat
1038 2947 1066 3000 61
1086 2961 1143 3000 non
1165 2944 1256 3000 solum

208 3029 328 3103 deopilat
360 3030 388 3084 in
422 3029 556 3102 generali,
589 3031 673 3084 immo
707 3045 785 3103 epar3
820 3029 953 3102 accipiam
984 3045 1047 3102 ergo
1080 3045 1130 3103 pro
1163 3029 1256 3087 radice

208 3114 284 3171 verbi
313 3116 400 3188 gratia
432 3117 556 3183 cuscute3
590 3115 729 3170 invenitur
761 3115 834 3170 6616
865 3115 895 3169 16
925 3114 1017 3170 616616
1045 3117 1255 3189 proprietatum,

207 3202 272 3274 quia
286 3201 418 3274 aperitiva
432 3203 484 3270 est,
506 3201 574 3256 item
594 3202 623 3255 16
638 3200 729 3256 616616
744 3200 928 3278 membrorum
943 3201 1041 3273 epatis,
1063 3200 1166 3256 dictum
1182 3203 1256 3257 enim

208 3290 250 3343 est
271 3285 319 3357 ibi,
342 3285 416 3359 quod
439 3289 551 3341 cuscute
574 3301 640 3359 epar
662 3285 805 3342 confortat.
843 3284 917 3342 Haec
941 3302 1004 3359 ergo
1019 3285 1158 3342 medicina
1172 3286 1257 3343 debet

207 3388 267 3428 esse
288 3371 363 3428 ba‘sis
384 3370 735 3445 medicinaeocompositae,
766 3388 828 3426 cum
858 3372 887 3426 in
914 3387 947 3427 66
968 3373 1004 3426 611
1025 3373 1113 3428 611166
1135 3372 1257 3428 faciendi

205 3460 295 3514 totum
317 3456 390 3530 quod
412 3458 578 3529 quaerimus⁴
616 3456 685 3524 Quia
706 3460 798 3512 16666
820 3457 888 3512 haec
909 3472 965 3512 non
988 3455 1091 3512 sufficit
1104 3457 1174 3514 forte
1190 3459 1257 3530 quia

207 3547 250 3600 est
270 3542 379 3612 debilis,
402 3541 534 3599 debemus
557 3558 695 3615 apponere
717 3542 785 3598 alias
806 3542 957 3598 medicinas
979 3544 1008 3597 in
1031 3543 1134 3598 eisdem
1156 3543 1256 3600 areolis

207 3630 343 3699 inventas,
372 3631 403 3682 ut
430 3630 489 3699 ejus
517 3629 646 3683 virtutem
669 3629 833 3699 confortent,
862 3629 933 3684 sicut
954 3628 1039 3685 rubea
1061 3628 1163 3702 (rubia)
1186 3630 1256 3685 tinc-

206 3717 305 3786 torum,
328 3713 483 3788 spicanardi
506 3717 533 3769 et
555 3714 664 3768 similia.
708 3713 744 3769 Et
764 3715 793 3769 in
816 3714 971 3787 cognitione
992 3715 1072 3770 istius
1093 3714 1194 3770 radicis
1209 3714 1256 3772 vel

206 3799 330 3856 radicum
346 3798 426 3855 debet
441 3799 563 3855 medicus
579 3799 697 3854 multum
711 3798 834 3856 laborare
850 3800 915 3873 quia
936 3798 989 3854 hoc
1012 3802 1054 3855 est
1067 3801 1153 3856 totius
1167 3799 1256 3856 medi-

208 3887 283 3942 cinae
306 3885 472 3959 compositae
494 3884 712 3940 fundamentum.
