2932 5626
749 543 938 604 ,4-

318 717 453 774 silvestris
480 710 645 791 (visimpl.
668 715 742 773 med.
767 732 826 791 cap.
849 715 893 792 6),
924 715 1102 773 foeniculum.
1134 747 1169 755 -
1204 714 1282 770 Gnm
1309 713 1370 771 ab·

319 803 499 860 stersione:
523 803 657 877 capparis,
681 802 791 873 orobus,
813 804 885 859 ireos
895 796 929 876 ¹⁰)
952 805 980 858 et
998 802 1109 876 digerit3
1133 795 1367 875 camepitheos¹¹)

318 892 347 946 et
361 888 452 960 solvit,
468 889 562 962 lingua
577 889 667 946 arietis
683 905 746 944 cum
760 888 974 962 infrigidatione,
994 888 1101 944 lactuca
1116 888 1195 958 asini,
1211 886 1276 957 mel,
1293 902 1367 943 scor-

310 968 444 1049 deonss).
464 1006 500 1015 —
525 973 609 1031 ltem
628 974 710 1032 haec
730 975 896 1048 aperiunt:
920 973 1014 1030 fumus
1030 967 1148 1047 terrae⁵)
1169 971 1366 1046 infrigidando,

318 1060 409 1117 oleum
432 1059 651 1134 amygdalarum,
679 1060 784 1134 lignum
807 1059 895 1130 aloes,
920 1061 1013 1133 apium
1035 1058 1171 1130 sedando,
1195 1074 1276 1115 eruca
1297 1057 1367 1114 leni·

316 1145 435 1218 licando,
458 1147 534 1220 spica
549 1145 729 1220 abstergendo
753 1162 819 1220 epar
841 1149 868 1202 et
887 1146 960 1202 inest
981 1144 1045 1200 huic
1059 1146 1147 1201 virtus
1162 1144 1240 1200 fortis
1261 1145 1291 1198 in
1312 1143 1367 1200 hoe

317 1234 397 1306 epate
411 1231 511 1304 frigido
526 1229 651 1307 (Serap.
667 1225 742 1307 IV⁰),
766 1248 897 1306 sparagus
913 1247 974 1287 cum
990 1230 1160 1288 abstersione
1173 1231 1283 1305 proprie
1300 1245 1365 1304 epa-

285 1353 287 1356 >
315 1318 361 1389 tis,
384 1310 548 1392 bedegar¹³)
572 1333 634 1373 cum
655 1317 832 1389 resolutione,
855 1317 996 1387 maiorana
1017 1316 1109 1388 valde,
1130 1315 1282 1390 hypericon
1303 1316 1321 1371 i.
1339 1332 1365 1372 e.

316 1404 485 1478 serpentaria
511 1401 692 1474 subtiliando,
726 1396 928 1478 camedreos¹⁴)
956 1401 1138 1473 subtiliando,
1169 1395 1365 1476 lapdanum¹⁵)

315 1489 396 1545 valde
419 1505 481 1545 cum
503 1488 690 1546 subtiliatione
712 1493 740 1546 et
761 1506 849 1564 pauca
871 1490 1052 1562 stypticitate,
1081 1480 1245 1563 polium¹⁶),
1272 1490 1365 1561 petro-

316 1574 437 1646 silinum,
461 1590 587 1649 cyperus,
609 1574 720 1648 myrrha
741 1574 918 1646 lenificando,
945 1574 1087 1631 balsamus
1109 1573 1284 1647 deopilando,
1306 1574 1365 1646 epi-

314 1653 485 1735 thymumfl)
508 1660 684 1734 deopilando,
701 1660 825 1735 achorns,
843 1653 1065 1735 squinantum²⁸)
1088 1659 1210 1716 sedando
1230 1658 1364 1730 dolorem,

315 1745 490 1802 aristolochia
505 1746 676 1816 attrahendo,
698 1747 901 1802 cinnamomum
917 1745 1105 1816 confortando,
1122 1744 1284 1802 abrotanum
1299 1743 1365 1800 sub·

238 1905 240 1910 ,
314 1831 428 1888 tiliando
440 1830 530 1903 valde,
547 1826 685 1907 ameos¹⁹)
701 1832 875 1902 exsiccando,
893 1832 1048 1888 camomilla
1063 1832 1122 1888 sine
1137 1831 1308 1887 attractione.
1325 1862 1361 1870 —

649 2044 814 2102 Medicina
836 2045 1030 2101 attractiva:

398 2172 473 2229 Haec
494 2172 631 2230 medicina
651 2176 779 2247 operatur
800 2171 899 2231 duobis
921 2172 1024 2228 modis:
1048 2175 1095 2228 aut
1117 2189 1133 2228 a
1155 2172 1294 2230 caliditate
1316 2177 1366 2230 ant

314 2275 331 2315 a
344 2259 520 2333 proprietate.
557 2258 599 2315 De
613 2258 656 2316 his
672 2276 742 2333 quae
758 2261 936 2333 operantura
953 2258 1090 2315 caliditate
1106 2258 1173 2314 dicit
1187 2259 1365 2316 Avicenna

313 2344 387 2418 qnod
399 2343 502 2400 habent
511 2346 704 2419 proprietatem
717 2348 747 2400 ut
758 2347 887 2402 moveant
897 2343 1075 2400 humiditates
1085 2360 1101 2399 a
1112 2344 1172 2401 loco
1186 2345 1229 2400 cui
1241 2344 1363 2402 obviant.

313 2429 348 2486 Et
369 2431 393 2486 si
412 2429 552 2486 attrahunt
573 2429 750 2487 vehementer
764 2447 799 2487 ex
817 2429 954 2504 profundo
974 2429 1115 2486 attrahunt
1136 2434 1167 2486 ut
1188 2447 1205 2485 a
1223 2432 1362 2502 juncturis

313 2515 423 2589 quando
440 2531 522 2590 super
542 2516 635 2572 locum
651 2515 863 2590 emplastrentnr
884 2519 912 2572 et
928 2515 980 2572 hoc
995 2516 1100 2571 iaciunt
1114 2517 1180 2589 quia
1202 2519 1267 2571 sunt
1289 2532 1364 2572 com-

312 2601 449 2676 plexionis
462 2601 566 2658 calidae
579 2605 606 2658 et
617 2600 725 2658 subtilis
738 2602 907 2659 substantiae
922 2603 950 2656 et
960 2600 1057 2656 harum
1069 2604 1133 2658 sunt
1144 2601 1278 2675 quaedam
1292 2618 1363 2674 quae

313 2690 461 2761 operantur
476 2704 492 2742 a
506 2690 604 2743 natura
618 2688 729 2761 propria
748 2690 777 2743 ut
796 2703 866 2760 quae
882 2689 946 2743 sunt
961 2686 1050 2742 calida
1065 2689 1092 2743 et
1107 2687 1219 2742 subtilia
1234 2704 1250 2742 a
1264 2691 1364 2744 natura

313 2789 373 2844 sua,
397 2773 533 2846 quaedam
549 2775 696 2847 operantur
718 2776 846 2829 enatura
865 2773 998 2846 acquisita
1020 2774 1050 2827 ut
1066 2773 1156 2829 omnia
1179 2772 1364 2847 putrefactiva

313 2859 384 2914 sicut
394 2857 559 2914 fermentum
575 2862 602 2915 et
617 2863 744 2916 stercora.
760 2890 796 2899 —
810 2857 945 2914 Medicina
956 2874 1027 2931 quae
1042 2858 1153 2914 attrahit
1168 2859 1363 2932 aproprietate

312 2943 425 3000 attrahit
446 2961 496 3018 per
510 2944 717 3000 similitudinem
731 2961 814 3017 quam
829 2942 913 3000 habet
935 2943 969 3000 ad
990 2943 1059 2998 illud
1075 2944 1149 3017 quod
1164 2943 1276 2999 attrahit
1291 2945 1363 3001 sicut

312 3029 434 3086 membra
450 3046 520 3103 quae
532 3029 673 3085 attrahunt
688 3030 778 3087 cibum
795 3030 847 3087 sibi
858 3032 997 3103 proprium
1012 3031 1039 3085 et
1051 3031 1258 3086 convenientem
1274 3033 1301 3085 et
1313 3047 1363 3104 per

312 3115 393 3171 istam
407 3117 480 3171 viam
492 3116 633 3171 attrahunt
643 3115 796 3171 medicinae
809 3115 943 3170 solutivae
955 3114 1099 3171 humorem
1114 3115 1165 3171 sibi
1178 3116 1319 3188 proprium
1335 3119 1363 3172 et

312 3200 439 3257 similiter
450 3200 585 3275 quaedam
596 3201 748 3257 medicinae
760 3201 908 3257 liberantes
923 3217 1056 3256 aveneno
1072 3204 1150 3256 extra
1160 3203 1266 3275 positae
1278 3203 1361 3257 attra-

311 3285 381 3341 hunt
403 3303 540 3342 venenum
562 3286 732 3343 mortiferum
753 3288 825 3342 intra
846 3288 967 3359 positum
989 3287 1061 3342 etsi
1083 3287 1151 3342 istae
1174 3289 1239 3342 sunt
1255 3286 1360 3344 calidae

312 3371 452 3428 attrahunt
463 3371 561 3428 melius
577 3376 605 3428 et
620 3376 721 3445 quanto
734 3372 876 3428 calidiores
892 3375 968 3428 tanto
985 3374 1049 3427 sunt
1064 3373 1223 3427 attractivae
1234 3370 1361 3429 fortiores

312 3459 376 3530 quia
397 3457 500 3513 habent
526 3457 595 3514 duas
624 3474 721 3514 causas
743 3459 913 3514 attractionis
936 3473 974 3514 sc.
997 3458 1192 3531 proprietatem
1214 3459 1242 3514 et
1265 3456 1361 3514 calidi-

310 3545 396 3599 tatem
419 3546 547 3616 quaeest
568 3545 594 3600 ei
608 3543 766 3599 auxiliatrix
787 3547 815 3600 et
837 3559 893 3598 non
909 3542 999 3599 differt
1020 3542 1110 3599 dicere
1125 3542 1262 3620 medicina
1278 3546 1361 3599 attra-

311 3628 352 3683 hit
374 3632 401 3685 et
423 3629 559 3685 medicina
580 3627 647 3684 facit
662 3645 769 3685 currere
785 3633 813 3685 et
827 3628 964 3684 medicina
985 3628 1051 3684 facit
1074 3621 1280 3702 accelerare²⁰).
1325 3628 1362 3686 Et

311 3715 376 3787 quia
397 3716 501 3770 mentio
524 3714 596 3770 facta
618 3717 661 3770 est
682 3714 717 3771 de
739 3715 876 3771 medicina
891 3714 1024 3770 liberante
1047 3731 1063 3769 a
1084 3729 1191 3770 veneno
1206 3713 1361 3772 notandum

311 3799 444 3872 estquod
460 3800 597 3856 medicina
612 3799 732 3856 liberans
748 3817 764 3856 a
778 3816 885 3857 veneno
901 3799 1043 3874 triphciter
1058 3802 1198 3873 operatur:
1215 3802 1262 3855 aut
1275 3816 1360 3858 venc-

311 3902 377 3940 num
400 3884 567 3941 destruendo
591 3889 618 3941 et
641 3881 839 3961 corrumpendo
863 3888 909 3941 ant
931 3885 1096 3958 expellendo
1119 3888 1167 3941 ant
1181 3884 1359 3957 attrahend03

311 3971 519 4044 corrumpendo,
543 3972 615 4026 sicut
635 3971 772 4028 medicina
793 3972 892 4044 frigida
914 3972 1063 4045 corrumpit
1078 3987 1215 4027 venenum
1238 3970 1361 4028 calidum

311 4058 338 4112 et
360 4073 375 4112 e
399 4057 533 4113 contrario
549 4056 662 4112 humida
684 4058 787 4114 siccum
809 4061 836 4114 et
858 4074 873 4114 e
896 4058 1033 4112 contrario
1049 4057 1161 4112 lenitiva
1176 4057 1360 4130 corrosivum3
