2932 5626
617 362 847 426 ..106-

211 537 238 591 in
255 535 379 609 pulvere,
395 536 465 591 etin
480 533 639 593 decoctione
655 552 742 610 nsque
756 537 792 592 ad
807 537 856 594 20.
877 568 918 578 —
937 534 1099 609 Myrobal.
1120 536 1258 593 emblici

211 623 277 676 sunt
290 621 382 694 frigidi
397 623 425 676 et
439 622 504 676 sicci
518 622 546 676 in
566 617 597 678 1ο
612 622 765 679 secundum
779 621 904 694 Mesuii,
920 623 1032 679 solvunt
1047 622 1257 678 melancholiam

211 711 239 763 et
263 707 362 780 flegma
394 707 547 762 secuudum
573 709 675 779 Anio,
704 712 769 764 sunt
795 710 826 764 in
853 726 903 765 sua
929 709 1036 765 actione
1058 708 1161 765 similes
1182 708 1256 764 indis

211 792 362 849 secundum
388 792 472 848 Hali.
527 793 601 850 Dicit
625 794 737 850 Mesub
767 794 840 868 quod
872 793 1006 851 babentes
1033 792 1135 850 frustra
1161 809 1258 866 grossa

210 880 304 951 gravia
318 878 448 952 depressa
462 895 609 954 parvorum
625 882 729 936 ossium
744 897 806 936 cum
821 880 908 936 multa
930 896 1009 936 carne
1032 882 1096 936 sunt
1117 880 1255 951 meliores,

209 965 263 1020 rari
284 980 340 1020 non
359 964 463 1022 babent
483 964 557 1039 (245
574 988 580 1021 :
598 968 621 1022 si
642 965 756 1039 habeut)
779 967 910 1040 speciem,
934 965 1037 1022 habent
1057 967 1256 1039 proprietatem

210 1050 383 1107 confortandi
394 1052 575 1122 stomachum,
592 1068 647 1127 cor,
663 1068 729 1126 epar
740 1055 768 1108 et
777 1053 893 1124 viscera,
909 1051 1065 1108 coadunant
1079 1053 1152 1107 enirn
1163 1055 1256 1126 partes

210 1152 305 1192 eorum
320 1139 348 1192 ct
363 1139 528 1210 extinguunt
550 1138 668 1195 coleram
689 1139 717 1194 in
739 1138 879 1194 stomacho
902 1141 930 1194 ct
951 1140 1031 1211 epate
1054 1140 1082 1194 et
1103 1138 1257 1194 secundum

208 1223 301 1295 ipsum
323 1222 445 1279 educunt
466 1223 566 1296 flegma
587 1227 615 1281 et
635 1227 748 1298 propter
768 1223 821 1280 hoc
841 1223 996 1281 confortant
1016 1239 1114 1280 nervos
1135 1227 1164 1280 et
1182 1240 1258 1280 cere-

208 1308 298 1364 brum.
330 1340 366 1348 -
395 1309 553 1382 Myrobal.
577 1310 734 1367 bellerici
755 1313 820 1366 sunt
841 1309 934 1382 frigidi
954 1311 984 1364 in
1009 1303 1049 1379 1⁰,
1073 1310 1139 1365 sicci
1159 1311 1189 1365 in
1211 1303 1255 1380 2⁰,

210 1393 362 1449 secundum
387 1393 499 1451 Mesuii
525 1399 650 1452 ventrem
675 1395 797 1465 leniunt,
824 1397 853 1451 in
880 1413 930 1452 sua
956 1396 1062 1451 actione
1089 1395 1259 1451 concordant

209 1480 313 1536 citrinis
335 1480 488 1536 secundum
509 1480 598 1551 Hali3
625 1484 719 1538 tamen
747 1481 814 1538 dicit
835 1482 947 1538 blesuii
969 1480 1044 1556 quod
1066 1484 1131 1537 sunt
1151 1481 1256 1537 similes

209 1564 342 1622 emblicis.
366 1599 407 1606 —

669 1780 790 1837 Manna

208 1907 359 1964 secundum
374 1907 487 1964 blesub
502 1911 545 1964 est
558 1925 603 1965 ros
620 1909 720 1966 cadens
735 1926 819 1982 super
833 1909 967 1983 quasdam
977 1908 1087 1983 plantas
1099 1912 1127 1964 et
1138 1908 1255 1982 lapides,

208 1996 286 2065 cujus
301 1995 413 2050 materia
428 1997 471 2050 est
484 2011 570 2068 vapor
584 1995 717 2066 elevatus,
741 1997 785 2051 cui
805 1996 904 2051 accidit
924 1995 1039 2068 digestio
1061 1997 1089 2049 et
1110 1995 1256 2050 maturatio

207 2080 236 2133 in
258 2082 320 2135 abre
343 2079 452 2152 quando
473 2083 516 2135 est
530 2080 652 2152 aequalis
668 2084 696 2137 et
710 2081 864 2138 foecundus
887 2083 914 2137 et
935 2079 1135 2137 diversificatur
1157 2096 1255 2135 sccun-

208 2164 347 2220 dumrem
366 2182 551 2240 superquam
571 2166 653 2237 cadit,
677 2168 741 2240 quia
763 2168 865 2223 cadens
887 2183 970 2240 super
990 2166 1098 2240 lapides
1120 2168 1163 2222 est
1184 2167 1256 2220 sicut

207 2266 302 2306 semen
315 2267 430 2325 parvum
450 2253 478 2307 et
498 2252 573 2307 istud
593 2252 703 2325 quando
725 2256 768 2309 est
789 2252 882 2309 album
905 2255 947 2308 est
968 2251 1067 2308 melius
1089 2254 1117 2308 ct
1137 2252 1191 2306 ista
1213 2253 1256 2306 est

207 2335 296 2391 dulcis
323 2339 351 2392 et
377 2353 483 2405 receus3
514 2341 578 2410 post
603 2339 684 2393 istam
706 2341 749 2394 est
767 2340 796 2394 in
818 2337 942 2394 bonitate
962 2338 1011 2393 illa
1033 2354 1104 2411 quae
1126 2339 1169 2393 est
1190 2336 1255 2392 sub-

207 2422 304 2477 citrina
318 2421 406 2493 fusca,
429 2416 603 2498 sceuosa¹²')
619 2425 647 2479 et
662 2425 774 2497 antiqua
788 2439 844 2479 uon
860 2426 903 2480 est
919 2422 1004 2493 bona3
1027 2423 1075 2478 illa
1096 2439 1167 2496 quae
1182 2421 1257 2477 cadit

207 2523 290 2581 super
304 2507 412 2580 plantas
428 2509 545 2582 suscipit
559 2510 675 2565 virtutes
695 2509 852 2584 plantarum
873 2508 978 2565 habens
1000 2507 1154 2582 pelliculas,
1177 2507 1253 2578 folia,

206 2592 287 2649 liores
314 2592 367 2649 sibi
393 2594 530 2650 admixtas
552 2598 580 2651 et
602 2611 672 2667 quae
694 2598 736 2651 est
756 2611 861 2669 paucae
883 2595 1074 2668 permixtionis
1097 2610 1159 2649 cunr
1180 2592 1255 2648 foliis

207 2678 353 2734 subalbida
374 2695 470 2736 recens
492 2682 535 2736 est
556 2681 660 2736 melior.
697 2679 871 2737 falsificatur
888 2684 981 2736 autem
1004 2697 1067 2736 cum
1088 2694 1203 2734 zuccaro
1227 2680 1256 2734 et

206 2763 279 2822 foliis
307 2781 404 2835 senae,
432 2766 481 2822 sed
508 2767 572 2840 quia
592 2769 657 2840 post
677 2769 787 2841 tempus
809 2767 945 2823 mollescit
966 2769 994 2822 et
1014 2765 1153 2839 liquescit
1174 2763 1255 2819 deoc-

207 2849 326 2906 cultatur
340 2868 390 2906 sua
404 2850 521 2907 fallacia.
560 2852 718 2927 complexio
734 2854 794 2925 eJ'us
810 2855 853 2908 est
872 2851 1004 2925 aequalis,
1028 2851 1142 2908 declivis
1160 2852 1255 2906 tamen

205 2953 304 3008 parum
319 2936 353 2991 ad
374 2937 550 3009 caliditatem,
574 2937 667 2993 educit
681 2938 800 2994 coleram
814 2955 877 2993 cum
898 2937 1039 3008 facilitate,
1062 2936 1130 2992 lenit
1150 2937 1254 3008 guttur,

206 3023 302 3094 pectus
326 3025 353 3078 et
375 3026 498 3079 ventrem
520 3026 548 3079 et
569 3023 649 3080 sedat
670 3025 753 3080 sitim.
790 3025 878 3080 Datur
900 3040 917 3079 a
935 3023 975 3079 dr.
994 3023 1011 3080 6
1034 3038 1123 3096 usque
1146 3021 1181 3076 ad
1206 3022 1254 3090 11,

206 3110 385 3163 conservatur
406 3124 455 3182 per
477 3126 588 3165 annum.
615 3141 656 3152 -

626 3322 832 3380 Mercurialis

207 3451 359 3508 secundum
382 3450 457 3506 Hali
476 3450 658 3521 tabolabium‚
688 3468 728 3506 ca.
749 3454 792 3508 est
812 3454 840 3507 et
859 3450 917 3521 bu,
939 3449 1045 3506 habens
1067 3449 1255 3505 viscositatem

207 3539 265 3593 sine
288 3537 423 3606 molestia,
447 3536 523 3593 laxat
545 3537 664 3593 coleram
685 3537 812 3607 rubeam,
837 3552 900 3592 cum
922 3534 1025 3592 bibitur
1047 3536 1107 3607 ejus
1131 3535 1254 3590 decoctio

206 3628 230 3680 Ε
247 3618 283 3702 ¹l2
310 3640 372 3679 cum
386 3639 500 3679 zuccaro
515 3622 610 3693 rubeo,
635 3623 700 3696 quia
714 3639 860 3678 zuccarum
874 3622 987 3678 rubrum
1001 3621 1065 3695 plus
1080 3620 1156 3677 laxat
1171 3636 1255 3693 quam

208 3708 314 3779 album;
342 3725 397 3764 non
423 3708 510 3764 multa
537 3707 586 3764 fiat
609 3708 741 3779 decoctio,
764 3724 799 3764 ne
821 3709 881 3779 ejus
903 3709 991 3762 virtus
1014 3706 1179 3763 debilitetur.
1225 3703 1255 3760 Si

208 3797 300 3852 antem
315 3795 375 3851 loco
390 3795 499 3850 zuccari
512 3797 631 3869 ponatur
649 3795 737 3850 cassia
758 3792 861 3864 fistula,
884 3792 979 3851 fortior
1000 3791 1049 3848 fiet
1070 3793 1130 3864 ejus
1153 3789 1253 3847 solutio

207 3884 238 3939 et
252 3879 359 3939 confert
373 3881 443 3938 tussi
462 3897 498 3938 ex
516 3881 717 3955 constipatione
739 3882 767 3936 et
789 3879 891 3937 colicae
914 3895 949 3936 ex
970 3878 1072 3948 calore;
1096 3880 1124 3934 et
1145 3877 1169 3933 si
1191 3892 1254 3932 cum
