2932 5626
795 40 863 56 *su
878 44 885 53 ι
906 39 1007 60 και-παπ,
1021 39 1332 67 ’ταί-ψχψ*
1346 40 1353 43 ”
1413 40 1436 49 ⁸·

749 580 961 647 ..34-

324 757 498 817 Petrosilii
524 774 623 815 succus
651 756 759 815 confert
780 756 869 814 dolori
891 757 965 814 auris
987 757 1100 830 antiquo
1124 754 1333 812 mundificando
1357 747 1388 811 o't

323 843 483 918 aperiendo.
508 875 549 886 -
574 843 760 918 Papaveris
787 843 911 900 decoctio
938 842 1046 899 confert
1072 841 1161 898 dolori
1183 843 1257 897 auris
1280 838 1385 897 calido.

324 961 366 970 -
387 929 534 986 Persica:
562 945 661 985 succus
688 929 818 986 foliorum
844 930 904 1000 ejus
929 927 1060 984 interficit
1080 942 1188 983 vermes
1211 943 1262 983 sua
1285 925 1387 982 amari-

323 1013 421 1071 tudine
443 1017 473 1070 61
495 1013 602 1071 1111611
624 1013 712 1072 dolori
735 1015 809 1070 auris
832 1014 997 1070 exsiccando
1013 1011 1200 1069 humiditates.
1219 1042 1260 1053 —
1275 1011 1387 1067 Rosae

324 1098 447 1157 decoctio
471 1098 579 1155 confert
600 1098 690 1155 dolori
711 1100 784 1155 auris
807 1098 905 1155 calido.
930 1130 971 1139 -
992 1096 1091 1153 Ruta:
1115 1113 1215 1154 succus
1237 1098 1298 1169 ejus
1322 1110 1387 1152 coc·

322 1186 368 1240 tus
397 1185 426 1240 in
454 1185 555 1242 cortice
582 1186 689 1258 granati
721 1199 816 1240 aurem
842 1183 1005 1240 mundificat
1036 1181 1219 1255 abstergendo
1247 1181 1386 1253 dolorem,

323 1269 403 1325 sedat
425 1269 620 1340 calefaciendo,
643 1270 774 1325 tinnitum
796 1271 921 1326 removet
943 1267 1142 1338 consumendo,
1165 1283 1273 1324 vermes
1295 1267 1386 1322 inter-

321 1353 381 1409 ficit
403 1371 453 1410 sua
476 1355 667 1410 amaritudine.
695 1386 737 1396 -
765 1353 920 1428 Raphaui
943 1352 1035 1410 oleum
1062 1351 1168 1408 confert
1194 1351 1276 1408 valde
1297 1353 1386 1408 vento

323 1440 404 1494 auris.
429 1471 470 1479 —
497 1438 602 1495 Succos
625 1439 787 1496 foliorum
808 1439 905 1495 nucis
928 1455 1023 1496 aurem
1044 1436 1221 1509 mundificat,
1245 1436 1311 1510 quia
1333 1452 1386 1492 ex·

322 1525 416 1580 siccat.
433 1555 474 1566 -—
498 1522 737 1597 Squinantum,
761 1523 911 1580 sarcocolla
927 1523 1097 1598 pulverizata
1112 1523 1199 1578 mixta
1214 1539 1278 1578 cum
1299 1521 1387 1578 melle

321 1608 350 1663 in
373 1625 438 1664 aure
453 1625 504 1682 per
518 1603 698 1684 lichinnm⁹⁸)
721 1611 813 1683 posita
836 1610 942 1665 saniem
963 1607 1154 1664 mundificant.
1179 1639 1220 1649 -
1243 1605 1386 1664 Stercus

321 1695 498 1749 vaccinum
521 1693 628 1750 confert
642 1695 859 1767 apostematibus
880 1696 953 1750 auris
968 1692 1140 1750 maturando.
1158 1725 1199 1733 —
1215 1691 1384 1765 Serpens:

320 1779 417 1834 vinum
439 1777 609 1834 decoctionis
632 1795 699 1835 suae
723 1781 793 1835 cutis
816 1779 895 1835 sedat
916 1778 1050 1836 dolorem.
1073 1811 1115 1820 -
1143 1777 1296 1852 Sulphur
1317 1793 1386 1833 cum

321 1865 399 1919 aceto
422 1862 547 1920 61116116
563 1863 670 1920 confert
686 1865 873 1920 constrictioui
896 1865 978 1921 auris.
996 1896 1037 1905 -
1054 1863 1168 1920 Saliva
1187 1863 1279 1936 jejuni
1292 1861 1386 1918 homi-

320 1949 364 2004 nis
384 1946 514 2004 interficit
536 1949 629 2004 statim
651 1950 680 2004 in
703 1965 768 2005 aure
783 1965 901 2005 vermes.
925 1981 967 1990 -
989 1948 1045 2005 Sal
1066 1965 1195 2022 gemma
1217 1946 1385 2023 emplastra·

320 2035 380 2088 tum
402 2049 465 2088 cum
487 2035 565 2089 aceto
582 2033 688 2091 confert
703 2033 791 2091 dolori
810 2035 892 2090 auris.
917 2065 957 2076 -
981 2027 1162 2107 Sumac⁹⁹):
1187 2034 1248 2106 ejus
1270 2048 1388 2106 gumma

320 2116 448 2190 prohibet
463 2118 568 2174 saniem
584 2119 667 2174 auris.
685 2153 723 2162 -
746 2118 852 2175 Succus
867 2118 996 2176 foliorum
1018 2119 1139 2175 salicis
1162 2118 1270 2175 confert
1284 2117 1387 2175 ultimo

319 2203 348 2257 in
361 2219 442 2259 eursu
455 2204 550 2260 saniei.
565 2235 602 2244 —
617 2197 808 2279 Siculae¹⁰⁰)
820 2220 894 2277 aqua
907 2204 1014 2261 confert
1028 2203 1117 2262 dolori
1128 2205 1211 2260 auris.
1229 2235 1267 2244 -
1285 2201 1387 2260 Sola·

319 2290 403 2343 trum
428 2287 592 2344 distillatum
613 2290 642 2344 in
659 2305 753 2345 aurem
776 2289 882 2346 confert
904 2288 991 2345 dolori
1014 2289 1114 2345 calido.
1132 2320 1168 2330 -
1187 2287 1387 2363 Schedengi

319 2373 337 2428 i.
355 2389 379 2429 6.
403 2389 499 2430 semen
526 2373 625 2430 canabi
647 2374 754 2431 confert
776 2375 864 2431 dolori
887 2375 960 2430 auris
984 2374 1075 2430 calido
1097 2377 1126 2431 11
1146 2373 1311 2430 mundificat
1334 2390 1387 2431 ex-

319 2457 458 2516 siccando.
483 2490 524 2499 —
548 2458 666 2515 Sumar
685 2460 704 2516 i.
721 2476 746 2516 6.
769 2460 878 2516 lactuca
900 2460 972 2516 asini
994 2459 1102 2517 confert
1123 2458 1211 2516 dolori
1233 2459 1318 2516 aurio.
1341 2492 1387 2502 -

320 2541 457 2616 sinapis
486 2543 593 2600 confert
619 2543 708 2602 dolori
737 2546 811 2601 auris
837 2544 936 2618 frigido
965 2547 993 2602 et
1022 2546 1133 2620 proprie
1160 2561 1224 2601 cum
1251 2561 1314 2600 asa.¹
1340 2576 1387 2588 -

320 2627 427 2684 Salix:
455 2644 513 2684 non
540 2631 583 2685 est
605 2629 710 2703 aliquid
732 2632 819 2703 magis
842 2630 910 2687 utile
933 2647 1017 2705 quam
1039 2646 1139 2687 succus
1166 2630 1297 2687 loliorum
1320 2630 1387 2703 ejus

318 2713 346 2768 in
370 2729 435 2768 cura
457 2714 545 2769 saniei
567 2730 637 2787 quae
661 2716 744 2770 currit
766 2732 801 2772 ex
823 2732 897 2772 aure.
927 2748 967 2759 -
995 2716 1113 2772 Urtlca
1140 2714 1247 2772 confert
1269 2718 1388 2790 aposte-

318 2799 438 2854 matibus
461 2800 569 2854 aurium
588 2798 780 2872 abstergendo.
798 2833 838 2842 -
855 2792 987 2857 Vermis
1010 2800 1132 2875 plurium
1154 2799 1259 2875 pedum
1280 2801 1387 2858 inven-

318 2885 363 2939 tus
386 2883 438 2940 sub
461 2883 601 2958 amphoris
632 2886 713 2940 tritus
740 2901 803 2940 cum
825 2887 926 2942 cortice
954 2887 1061 2960 granati
1083 2888 1111 2942 61
1133 2885 1169 2941 ol.
1192 2901 1247 2941 ros.
1272 2885 1389 2944 confert

318 2967 405 3023 dolori
427 2969 510 3024 auris.
535 3001 576 3010 -
598 2969 691 3025 Vitis
714 2969 794 3027 albae
813 2970 880 3026 folia
895 2971 1057 3044 abstergunt
1072 2987 1166 3027 aurem
1189 2973 1217 3026 et
1232 2971 1387 3029 conferunt

319 3052 454 3109 surditati.
477 3086 518 3095 —
541 3053 727 3111 Volubilis:
749 3071 848 3112 succus
864 3057 924 3127 ejus
941 3073 1003 3112 cum
1019 3057 1055 3113 ol.
1072 3072 1126 3112 ros.
1144 3054 1253 3112 confert
1269 3060 1389 3130 aposte-

318 3139 386 3193 mati
408 3137 506 3194 calido.
533 3171 569 3180 —
594 3140 719 3213 Virgae
733 3143 884 3214 pastoris
900 3157 999 3197 succus
1014 3141 1145 3197 interficit
1158 3157 1268 3198 vermes
1286 3145 1316 3198 et
1332 3159 1385 3200 ex·

318 3223 411 3277 siccat.
435 3254 476 3264 —
499 3223 622 3298 Vulpis
645 3224 753 3299 adeps
777 3225 884 3282 confert
906 3225 995 3283 dolori
1017 3228 1099 3283 auris.
1123 3257 1165 3269 -
1350 3242 1353 3246 ’

317 3432 406 3490 lstae
422 3437 500 3490 sunt
515 3435 705 3494 medicinae
721 3440 851 3494 narium
873 3441 905 3496 61
927 3439 1065 3513 proprie
1087 3455 1170 3514 quac
1185 3439 1376 3517 prohibent

671 3524 802 3580 fluxum
824 3525 1015 3598 sauguinis:

401 3647 631 3703 Antimonium
642 3649 770 3721 probibet
780 3650 888 3706 fluxum
900 3653 948 3724 qui
959 3651 991 3708 fit
1002 3668 1038 3708 ex
1052 3645 1245 3727 velamine¹⁰¹)
1261 3655 1382 3714 cerebri.

316 3761 356 3772 -—
391 3731 645 3788 Attrameutum
672 3735 815 3791 sufflatum
842 3737 872 3792 in
894 3736 1008 3793 naribus
1029 3737 1136 3792 fluxum
1158 3738 1290 3811 probibet
1314 3743 1383 3815 quia

315 3817 421 3871 siccum
443 3819 470 3872 61
493 3819 652 3890 stypticam.
688 3851 729 3860 -
762 3821 852 3877 Been
878 3822 1006 3896 probibet
1035 3823 1143 3878 fluxum
1170 3824 1282 3881 narium
1314 3828 1385 3900 quia

316 3902 467 3973 stypticam
489 3905 539 3958 est.
564 3934 605 3942 -
628 3903 806 3961 Cerebrum
828 3906 1033 3978 gallinarum
1056 3907 1164 3965 confort
1184 3908 1227 3964 illi
1247 3912 1384 3985 sanguini

315 3986 363 4057 qui
389 3985 421 4041 fit
448 4002 483 4042 ex
509 3986 645 4044 velamine
669 3989 850 4047 confortando
873 3992 1016 4049 cerebrum
1038 3995 1066 4049 61
1088 3997 1271 4066 augmentum
1293 3996 1324 4052 in
1346 4013 1383 4055 oo

314 4070 452 4127 faciendo.
479 4103 514 4111 -
541 4071 728 4147 Camphora
751 4091 814 4131 cum
836 4080 915 4133 aceto
932 4078 1041 4134 confert
1054 4077 1145 4134 fluxui
1159 4080 1308 4152 sanguinis
1330 4099 1384 4140 ua·
