2932 5626
628 556 837 620 ..1ss-

208 746 270 786 eum
284 731 475 802 maturatione,
498 729 633 788 bdellium
648 747 711 788 cum
725 733 916 803 maturatione,
939 748 1043 808 ysopus
1057 732 1172 790 humida
1194 749 1256 790 cum

207 818 398 888 maturatione,
422 818 586 874 nasturtium
607 834 669 874 cum
690 817 832 890 lenitione,
848 818 1048 893 scolopendria,
1072 818 1148 891 sicla,
1170 835 1256 877 usnec

208 919 271 959 cum
286 904 463 978 stypticitate,
479 920 591 960 muscus
606 903 735 961 volubilis
751 921 814 960 cum
829 905 977 979 apertione,
992 920 1064 977 rosa,
1081 905 1255 976 mellilotum,

207 987 329 1045 calamus
344 992 467 1060 aromat,
492 988 655 1061 camomilla,
679 987 735 1045 bol.
760 1007 873 1063 armen,
898 990 1007 1047 alumen
1026 993 1170 1064 jamenum
1193 1007 1255 1047 cum

206 1074 272 1130 vino
295 1073 439 1132 odorifero.
478 1074 536 1133 Hae
553 1076 569 1132 7
586 1075 698 1132 ultimae
720 1075 863 1134 resolvunt
883 1093 981 1152 parum
1002 1092 1066 1134 cum
1087 1078 1256 1152 stypticitate

207 1158 303 1216 subtili
323 1157 429 1240 (Avic.
445 1159 484 1216 ill
506 1161 541 1219 de
563 1177 628 1219 cura
649 1160 733 1219 scdac
755 1178 790 1219 cx
811 1157 1014 1242 percussione).
1037 1197 1078 1206 -

537 1332 703 1391 Medicina
724 1333 927 1391 rubifieans:

291 1460 373 1518 Istius
400 1460 552 1519 medicinae
578 1463 730 1536 proprietas
753 1465 808 1533 est,
837 1466 868 1518 ut
895 1463 1014 1519 attrahat
1037 1464 1199 1537 sauguinem
1221 1463 1257 1520 ad

208 1552 298 1603 cutem
321 1549 409 1621 ipsam
429 1546 615 1604 calefaciendo
630 1547 816 1604 vehementer.
854 1548 988 1623 Exempla
1001 1550 1095 1606 istius:
1120 1550 1256 1606 calamcn-
1296 1547 1299 1553 ’

207 1634 277 1704 tum,
301 1626 515 1711 cordumeni²⁶),
540 1633 630 1706 enula,
654 1633 763 1707 squilla,
787 1635 899 1708 sinapis,
922 1634 1060 1709 napellus.
1084 1667 1126 1678 —-

538 1803 703 1876 Medicina
725 1803 923 1862 subtiliaus:

289 1932 372 1989 Istius
397 1933 550 1991 medicinae
575 1935 729 2008 proprietas
760 1935 803 1990 est
832 1950 933 2007 ponere
960 1933 1107 1990 essentiam
1134 1933 1257 1990 humoris

206 2018 376 2075 subtiliorem
399 2036 482 2093 quam
503 2020 578 2093 prius
603 2019 657 2075 fuit
683 2037 746 2075 cum
774 2019 863 2076 calore
891 2035 941 2076 suo
963 2022 1116 2094 temperato
1139 2023 1167 2076 et
1188 2019 1257 2076 haec

204 2103 341 2160 medicina
355 2108 398 2162 cst
409 2104 525 2161 debilior
537 2104 787 2179 quam'resolutiva.
816 2104 951 2180 Exempla
961 2106 1041 2162 istius
1057 2107 1135 2161 sunt:
1152 2104 1257 2162 blattae

205 2184 399 2268 byzantiae⁷⁷)
421 2189 517 2247 bateca
538 2191 556 2246 i.
574 2207 598 2248 e.
618 2190 692 2248 viola
713 2190 804 2261 indus,
828 2207 938 2248 cerussa
952 2190 1069 2265 plumbi,
1093 2207 1160 2265 cepe
1174 2190 1257 2247 valde

206 2291 269 2332 eum
292 2277 460 2351 stypticitate
482 2276 533 2332 hoc
557 2276 675 2346 faciunt3
706 2293 808 2332 ancusa
829 2278 847 2333 i.
864 2293 888 2334 e.
912 2293 1008 2350 agnus,
1037 2275 1176 2348 macardi,
1199 2293 1257 2332 am-

207 2363 343 2432 monium,
371 2362 529 2434 coagulum,
559 2362 680 2419 calamus
708 2363 884 2434 aromaticus,
912 2362 954 2418 sal
979 2364 1166 2418 armeniacum
1193 2378 1258 2418 cum

205 2447 411 2520 liquefactione,
435 2447 521 2522 adeps
544 2450 631 2504 anatis
653 2447 743 2518 valde,
767 2448 959 2519 calamentum,
983 2465 1102 2523 syrupus
1119 2447 1256 2520 nenufari,

206 2533 317 2589 rafanus
339 2534 454 2603 fortiter,
478 2533 577 2607 squilla
598 2533 690 2605 valde,
714 2533 834 2590 sticados
858 2550 920 2589 cum
942 2536 1083 2608 apertione
1105 2537 1133 2590 et
1152 2533 1257 2590 abster-

207 2620 293 2688 sione,
318 2619 474 2690 sambucus,
497 2619 568 2693 lapis
584 2620 715 2695 spongiae
738 2621 797 2676 sine
814 2618 1001 2691 calefactione,
1025 2619 1170 2676 bellericus
1194 2635 1257 2674 cum

207 2706 377 2777 attractione,
395 2706 607 2777 cinnamomum,
631 2706 724 2762 ambra
739 2707 798 2762 sine
815 2704 1003 2776 calefactione,
1026 2721 1140 2779 ysopus,
1165 2721 1257 2761 camo-

206 2790 292 2847 milla.
312 2824 353 2833 -—

555 2936 720 2995 Medicina
742 2938 905 3011 styptica:

291 3046 373 3103 Istius
394 3047 546 3104 medicinae
569 3049 720 3122 proprietas
743 3050 785 3104 cst
806 3049 948 3104 materiam
975 3063 1121 3121 aggregare
1144 3049 1172 3102 et
1193 3063 1256 3102 cam

206 3133 355 3206 inspissare
385 3136 413 3188 et
443 3150 492 3188 sua
519 3135 687 3207 stypticitate
713 3133 835 3190 membra
863 3132 1014 3189 confortare
1045 3137 1073 3188 et
1101 3131 1256 3188 secundum

208 3218 275 3274 Gal.
299 3220 419 3275 exsiccat
438 3219 628 3274 humiditatem
651 3222 678 3275 et
700 3218 802 3275 claudit
824 3218 927 3274 crificia
940 3235 1082 3275 venarum.
1119 3216 1257 3291 Exempla

206 3306 286 3360 istius
302 3306 378 3361 suut:
402 3320 531 3360 cucumer
551 3304 642 3376 indus,
666 3304 744 3378 glans
761 3306 825 3377 quia
844 3304 996 3360 secundnm
1018 3303 1093 3359 Hali
1115 3305 1258 3359 materiam

206 3392 366 3462 incarcerat,
383 3393 511 3446 castanea
522 3390 675 3446 secundum
686 3390 803 3446 eundem
816 3390 892 3446 Hali
908 3393 1000 3446 tamen
1013 3388 1131 3445 debilius
1146 3388 1256 3461 glande,

206 3475 292 3534 barba
313 3477 381 3532 hirci
401 3477 419 3532 i.
437 3492 461 3532 e.
485 3475 704 3550 hypoquistidcs,
729 3476 911 3546 coriandrum,
934 3475 1008 3532 unde
1030 3475 1124 3531 Avic.
1140 3473 1178 3529 Ill
1203 3474 1257 3547 „de

208 3579 273 3618 cura
293 3562 385 3617 fluxus
408 3561 575 3617 stomachi“:
603 3563 703 3618 retinet
728 3561 835 3618 fortiter
856 3562 947 3618 cibum
968 3562 997 3617 in
1020 3560 1174 3629 stomach03
1198 3576 1258 3615 nux

208 3649 340 3722 cypressi,
364 3647 451 3703 cauda
465 3648 538 3721 equi,
555 3649 699 3720 ciconium,
723 3650 826 3721 gummi
841 3648 914 3704 arab.
932 3664 995 3703 cum
1010 3646 1256 3719 conglutinatione,

207 3736 299 3790 acacia
324 3733 515 3803 vehementer,
549 3735 674 3790 ematites
701 3728 895 3811 (haematites)
921 3732 1112 3803 vehementer,
1143 3732 1258 3787 interior

207 3823 301 3876 cortex
322 3819 443 3893 glandis,
473 3818 676 3875 cardamomum
699 3835 762 3875 cum
785 3818 971 3889 calefactione,
995 3833 1090 3874 crocus
1113 3834 1176 3873 cum
1196 3833 1257 3872 ma-

206 3907 357 3976 turatione,
385 3905 456 3961 salix
478 3906 536 3961 sine
558 3905 754 3962 mordicatione
773 3908 805 3962 -et
826 3906 933 3979 proprie
956 3905 1038 3975 cinis,
1064 3903 1172 3959 talkum
1194 3919 1259 3959 cum

207 3991 400 4062 desiccatione,
423 3993 534 4061 nitrum,
555 3991 606 4048 flos
622 3992 700 4046 nucis
716 3992 849 4047 silvestris
864 3989 1049 4060 vehementer,
1072 3991 1149 4061 virga
1163 3991 1258 4062 pasto-

210 4078 257 4148 ris,
279 4076 385 4133 fructus
404 4077 540 4133 tamarisci
562 4072 677 4155 (quaere
693 4077 757 4151 plus
773 4093 855 4152 super
870 4070 1066 4153 constrictiva).
