2932 5626
633 545 842 608 ..20-

215 720 279 793 quia
304 718 429 776 calefacit
453 719 573 777 exsiccat
598 722 625 776 et
651 718 790 792 abstergit.
834 719 908 775 Dicit
928 717 1040 775 Mesuii
1064 715 1143 792 quod
1165 732 1267 774 succus

214 807 276 877 ejus
297 804 396 861 radicis
412 821 482 879 quae
496 808 612 862 vocatur
625 805 739 879 bryonia
753 805 889 862 solutione
905 804 999 861 educit
1013 803 1116 878 flegma
1138 806 1167 860 et
1185 820 1266 859 mnn-

215 890 308 947 dificat
329 890 470 948 cerebrum
492 894 520 948 et
546 907 646 948 nervos
668 891 702 947 ab
725 890 886 947 humoribus
908 891 1070 964 dogmaticis
1092 889 1213 964 putridis
1236 892 1265 946 et

214 975 365 1033 secundum
388 993 496 1033 omnem
512 977 623 1033 modum
640 976 881 1032 administrationis
897 975 1004 1032 confert
1018 974 1176 1049 epilentiae,
1199 991 1264 1031 ver-

213 1063 293 1135 tigini
319 1065 346 1118 et
372 1063 588 1136 aegritudinibus
616 1079 763 1119 nervorum
787 1061 904 1134 frigidis
928 1094 969 1103 -
991 1060 1176 1117 Facalesus
1197 1062 1217 1116 i.
1235 1077 1260 1116 e.

213 1149 318 1222 species
344 1142 578 1223 bucormarien⁷⁴)
606 1151 689 1222 caput
715 1147 851 1203 confortat
875 1149 997 1221 positum
1025 1147 1055 1202 in
1077 1147 1262 1220 caputpurgio

118 1240 120 1245 “
213 1233 291 1290 sedat
312 1234 408 1290 sodam
429 1234 566 1308 frigidam,
589 1235 653 1305 quia
675 1232 800 1290 calefacit
821 1232 982 1289 mundificat
1003 1234 1031 1289 et
1053 1233 1192 1306 abstergit
1217 1263 1261 1273 —

212 1318 312 1375 Ficus
333 1319 446 1376 humida
468 1323 495 1376 et
517 1322 589 1376 sicca
611 1320 716 1376 confert
741 1319 888 1393 epilentiae
910 1321 938 1375 et
962 1319 1031 1375 cinis
1058 1317 1126 1391 ligni
1151 1319 1213 1389 ojus
1236 1319 1262 1375 si

213 1421 248 1461 ex
270 1421 302 1461 eo
324 1405 374 1461 fiat
395 1405 526 1462 lexivium
555 1408 638 1478 caput
664 1408 763 1479 purgat
789 1405 941 1461 secundum
962 1404 1054 1460 Avic.
1070 1403 1088 1459 l.
1104 1403 1143 1459 lll
1165 1405 1214 1460 ant
1236 1403 1262 1460 si

211 1490 260 1546 fiat
282 1492 492 1565 caputpurgium
514 1490 665 1548 secundum
687 1491 780 1546 hvic.
794 1490 812 1546 l.
829 1489 868 1545 Ill
888 1492 922 1546 tr.
940 1489 958 1546 2
986 1489 1105 1564 capitulo
1131 1488 1165 1546 do
1192 1505 1262 1545 cura

213 1575 295 1633 sodae
318 1592 389 1649 quae
410 1578 545 1634 excitatur
572 1578 745 1633 successione
773 1578 861 1632 somni
883 1579 911 1632 et
932 1577 975 1632 est
995 1576 1146 1650 capitulum
1170 1574 1258 1634 32¹¹¹¹¹u

212 1695 253 1702 —
276 1662 427 1720 Gallinae
447 1679 517 1736 quae
533 1665 598 1718 sunt
612 1662 704 1736 pullae
720 1661 844 1718 efficiunt
865 1664 1041 1735 augmentum
1063 1662 1092 1716 in
1113 1660 1261 1719 intellectu

212 1750 240 1804 et
263 1749 417 1805 confortant
439 1748 576 1805 velamina
599 1749 703 1806 cerebri
721 1749 760 1803 ita
782 1748 855 1822 quod
870 1747 1015 1822 prohibent
1029 1747 1135 1803 fluxum
1150 1749 1261 1805 narium

211 1832 359 1890 habentem
375 1838 465 1892 ortum
487 1851 522 1890 ex
545 1836 594 1890 eis.
618 1866 659 1875 -
681 1833 863 1889 Galbanum
878 1833 984 1891 confert
998 1833 1092 1904 sodae,
1108 1833 1260 1906 epilentiae

212 1922 239 1975 et
271 1922 418 1976 scotomiae
445 1923 472 1976 et
499 1920 609 1993 quando
632 1919 792 1994 epilenticus
822 1921 912 1994 ipsum
943 1919 1038 1976 odorat
1063 1919 1260 1992 reminiscitur,

212 2006 277 2077 quia
299 2005 411 2061 resolvit
432 2010 459 2061 ot
482 2007 614 2061 carminat
627 2008 820 2062 ventositatem
836 2004 1023 2061 calefaciendo
1038 2007 1066 2061 et
1080 2005 1258 2063 exsiccando.

211 2123 252 2132 -
275 2089 404 2164 (H)olus
422 2085 636 2166 jamenus⁸²):
661 2107 759 2148 succus
781 2093 841 2163 ejus
864 2107 927 2146 cum
946 2091 982 2147 ol.
998 2107 1051 2146 ros.
1068 2090 1175 2148 confert
1189 2091 1260 2148 adn-

211 2178 294 2232 stioni
316 2176 390 2233 solis.
414 2208 453 2218 —
477 2177 569 2233 lreos
592 2194 655 2233 cum
669 2180 745 2233 aceto
769 2181 796 2233 et
811 2176 847 2233 ol.
863 2193 917 2232 ros.
934 2176 1012 2232 sedat
1034 2175 1130 2233 sodam
1152 2179 1179 2233 et
1194 2193 1260 2251 pro·

210 2261 288 2319 hibet
308 2279 403 2318 reuma
424 2265 568 2336 antiquum
589 2262 775 2320 calefaciendo
798 2266 826 2318 et
847 2262 1020 2319 exsiccando.
1058 2262 1131 2318 Dicit
1145 2262 1260 2320 Mesua

212 2348 286 2421 quod
310 2349 416 2404 confert
438 2348 525 2404 dolori
547 2351 659 2422 antiquo
682 2349 888 2422 emplastratum
911 2351 939 2404 et
961 2349 985 2403 si
999 2365 1035 2404 ex
1049 2364 1082 2404 eo
1096 2347 1146 2404 liat
1160 2352 1259 2422 caput·
1331 2382 1334 2387 -

210 2435 342 2507 purgium
364 2437 411 2490 aut
433 2451 469 2491 ex
491 2450 573 2490 succo
596 2437 656 2507 ejus
679 2437 834 2490 commovet
860 2435 1086 2490 sternutationem
1114 2436 1142 2491 et
1163 2434 1262 2492 educit

212 2535 262 2592 per
291 2522 364 2575 viam
390 2522 451 2576 nasi
478 2520 681 2594 superfluitates
703 2519 835 2594 plurimas
858 2519 892 2576 de
915 2519 1024 2577 cerebro
1047 2536 1148 2593 pronas
1170 2519 1260 2578 fluere

212 2604 247 2660 ad
269 2608 362 2679 partes
383 2607 504 2680 corporis
528 2607 658 2662 occultas.
682 2637 720 2647 -
744 2599 937 2680 Karabe⁵⁰¹>)
959 2606 1058 2662 retinet
1078 2605 1187 2661 fluxum
1208 2622 1261 2662 na-

209 2691 279 2746 rium
303 2691 515 2748 descendentem
537 2708 553 2747 a
575 2693 664 2766 capite
686 2691 721 2747 ad
743 2691 916 2766 pulmonem,
944 2694 986 2748 est
1007 2691 1081 2748 enim
1102 2692 1262 2748 restrictiva

210 2778 350 2849 sanguinis
371 2794 387 2832 a
406 2793 571 2851 quocunque
587 2777 647 2834 loco
662 2777 738 2833 fluat.
763 2809 803 2819 -
826 2776 943 2833 Kitran
965 2778 984 2834 i.
1001 2793 1025 2833 e.
1041 2778 1098 2851 pix,
1122 2776 1173 2833 cal.
1191 2779 1257 2834 sicc.

211 2855 244 2917 4ο
266 2866 309 2918 est
330 2879 373 2919 res
400 2865 520 2918 maxima
544 2864 574 2918 in
601 2863 723 2920 sedando
750 2862 845 2918 sodam
871 2863 999 2936 frigidam
1024 2863 1134 2918 linitum
1161 2865 1258 2938 capiti.

211 2980 249 2988 —
273 2947 390 3003 Lutum
412 2949 621 3005 armenicum
636 2948 763 3022 prohibet
779 2947 933 3004 catarrhum
952 2951 980 3004 et
994 2948 1146 3004 secundum
1160 2948 1257 3006 Avic.

210 3031 249 3088 Ill
272 3050 332 3107 cap.
357 3033 391 3090 de
414 3039 517 3091 asmate
539 3034 591 3091 hoc
613 3035 679 3090 facit
702 3034 873 3103 mirabiliter3
902 3035 1022 3090 exsiccat
1048 3035 1121 3090 enim
1148 3035 1257 3093 ultime.

209 3150 250 3159 -
271 3118 465 3175 Labdanum
488 3119 593 3176 confert
615 3121 698 3176 sodae
728 3124 755 3176 et
781 3120 869 3176 dolori
896 3120 1002 3194 capitis,
1036 3123 1155 3175 maturat
1181 3122 1260 3179 enim

208 3203 335 3260 humores
358 3206 479 3262 viscosos
498 3205 683 3262 calefaciendo
706 3205 873 3262 subtiliando
895 3205 1057 3263 resolvendo
1080 3204 1258 3264 attrahendo

208 3322 250 3330 -
272 3285 429 3365 Lubue⁸³)
451 3293 469 3347 i.
486 3308 510 3347 e.
534 3291 614 3348 arbor
636 3293 703 3365 sigie
730 3295 757 3347 et
779 3295 821 3348 est
843 3295 935 3347 storax
957 3291 1071 3365 liquida,
1095 3290 1258 3366 suffumiga-

207 3379 265 3431 tum
293 3377 398 3433 confert
424 3393 537 3449 coryzae
571 3376 679 3447 ultime,
707 3379 771 3450 quia
796 3379 915 3433 maturat
941 3379 968 3433 et
994 3376 1063 3433 lenit
1087 3376 1178 3433 valde.
1214 3410 1259 3420 -—

207 3461 331 3535 Lepus:
356 3460 501 3536 coagulum
523 3464 582 3534 ejus
597 3461 713 3518 bibitum
736 3480 799 3518 cum
814 3466 890 3519 aceto
907 3463 1012 3519 confert
1033 3462 1189 3536 epilentiae.
1213 3497 1259 3508 --

207 3547 270 3604 hac
293 3565 412 3622 caprae
441 3548 547 3605 confert
574 3547 704 3604 catarrhis
731 3552 758 3605 et
788 3565 835 3605 eos
857 3550 965 3605 retinet.
989 3580 1029 3591 —
1051 3547 1174 3604 Lilium
1196 3549 1258 3607 fur·

206 3633 314 3691 furibus
337 3634 478 3702 convenit3
502 3634 593 3690 oleum
616 3636 675 3706 ejus
699 3634 831 3706 abstergit
844 3634 963 3690 furfures
986 3637 1013 3690 et
1028 3634 1133 3690 confert
1155 3635 1259 3693 ulceri-

206 3717 258 3775 bus
274 3721 380 3794 capitis
404 3751 445 3760 —-
467 3719 588 3793 hupini
609 3720 722 3775 farina
738 3720 843 3776 confert
858 3718 993 3776 ulceribus
1010 3720 1106 3793 capitis
1121 3718 1257 3780 humidis.

207 3805 392 3861 —Litium
424 3804 555 3878 abstergit
587 3804 705 3861 furfures
739 3808 767 3862 et
799 3803 892 3862 ulcera
919 3806 1015 3879 capitis
1048 3805 1177 3862 exsiccat.
1213 3839 1258 3851 —

205 3890 352 3947 Lactuca
374 3890 479 3947 confert
499 3889 638 3946 adustioni
660 3891 725 3947 solis
741 3890 825 3946 cruda
846 3894 874 3948 et
896 3891 997 3947 elixata
1019 3893 1047 3947 et
1067 3895 1191 3948 removet
1213 3895 1258 3951 vi-

133 4029 136 4034 .
205 3976 283 4048 gilias
306 3980 334 4033 et
350 3980 432 4051 caput
445 3976 615 4032 mundificat.
639 4008 679 4019 -
703 3976 850 4033 Lactuca
872 3977 958 4032 asini
980 3977 1004 4032 si
1026 3993 1061 4032 ex
1083 3992 1115 4032 eo
1137 3976 1188 4036 fiat
1210 3996 1258 4037 ca-

204 4063 383 4137 putpurgium
406 4067 489 4139 caput
503 4061 664 4119 mundificat
687 4052 752 4137 quia
775 4063 871 4136 aperit,
888 4061 1020 4135 abstergit
1042 4065 1070 4119 et
1091 4063 1206 4122 attrahit
1220 4082 1259 4124 ex
