2932 5626
205 683 357 740 diminuere
377 697 428 757 per
449 698 493 753 se,
520 683 646 757 sumptae
666 684 760 738 tamen
785 681 816 737 in
841 697 927 756 parva
951 681 1105 754 quantitate
1134 680 1252 738 consoli-

205 769 272 826 dant
293 767 457 826 exsiccando
478 784 534 825 non
555 770 648 825 tamen
670 768 821 842 stypticant
846 759 942 841 nec³⁸)
971 769 1118 840 aggregant
1140 783 1251 824 carnem

206 855 241 912 ad
262 856 395 924 invicem3
424 847 592 929 similiter⁸⁹)
619 854 742 928 myrrha,
769 851 913 927 plumbum
939 854 1046 924 ustum,
1073 847 1251 928 limatiae⁴⁰),

206 940 378 1012 combustae,
400 956 497 996 rasura
518 955 602 996 comu
625 939 717 996 adusti
738 937 886 1012 aliquando
909 937 1094 1011 consolidant,
1117 938 1183 1014 quia
1205 955 1252 995 ex-

206 1029 310 1083 siccant
331 1027 391 1083 sine
409 1025 614 1097 mordicatione,
636 1042 693 1083 non
714 1027 806 1081 tamen
822 1023 995 1082 consolidant
1015 1024 1167 1082 secundum
1189 1041 1252 1099 pro-

205 1113 294 1188 priam
314 1113 444 1168 virtutem
465 1111 617 1169 medicinae
644 1109 853 1180 consolidantis,
880 1111 947 1184 quia
971 1126 1027 1167 non
1049 1112 1178 1185 stypticat
1199 1127 1252 1167 neo

134 1219 136 1225 ·
207 1215 316 1254 carnem
343 1201 482 1272 aggregem
516 1197 642 1254 similiter
668 1198 759 1253 omnia
785 1195 938 1252 abstersiva
963 1196 1038 1253 idem
1065 1197 1171 1253 fuciunt
1196 1211 1253 1252 non

205 1286 299 1341 tamen
321 1300 421 1358 perse
444 1282 493 1341 sed
515 1285 581 1358 quia
600 1283 717 1359 implent
738 1281 831 1339 ulcero
853 1298 943 1338 carne.
969 1314 1005 1322 -

505 1495 689 1554 Medicinae
711 1486 966 1554 confortantes(

291 1624 428 1684 Medicina
448 1624 605 1683 confortans
624 1624 776 1682 secundum
791 1626 994 1683 Avicennam
1015 1627 1045 1682 in
1059 1620 1098 1683 ΙΙ0
1119 1629 1162 1684 111
1183 1643 1255 1701 quae

207 1715 343 1788 temperat
358 1713 577 1787 complexionem
590 1710 706 1768 membri
728 1713 756 1768 et
770 1711 897 1786 prohibet
911 1713 1002 1786 ipsum
1015 1713 1136 1788 recipere
1159 1729 1254 1786 super·

207 1800 337 1856 fluitates.
381 1798 426 1854 Ad
448 1798 500 1853 hoc
522 1796 732 1870 intelligendum
754 1800 828 1869 nota,
852 1798 926 1872 quod
949 1798 968 1854 4
989 1798 1079 1856 modis
1100 1796 1255 1855 membrum

208 1885 392 1942 confortatur:
416 1899 471 1940 uno
493 1882 585 1953 modo,
608 1883 674 1957 quia
695 1882 849 1958 complexio
870 1886 1047 1959 temperatur,
1070 1885 1089 1940 i.
1106 1901 1129 1941 e.
1152 1885 1180 1940 iu
1204 1901 1255 1940 suo

207 1972 424 2046 temperamento
440 1971 617 2027 conservatur
639 1971 686 2025 aut
708 1970 732 2025 si
753 1971 795 2026 est
808 1968 888 2044 lapsa
909 1969 944 2026 ad
959 1987 1040 2026 suum
1055 1972 1256 2044 temperamen-

207 2061 268 2114 tum
288 2055 436 2113 reducitur.
488 2054 608 2111 Primum
634 2053 665 2111 fit
691 2071 740 2129 per
762 2055 862 2111 similia
886 2055 940 2129 ipsi
961 2055 1083 2113 membro
1106 2056 1254 2131 applicata,

209 2141 283 2199 unde
310 2141 457 2217 applicatio
484 2142 564 2216 pueri
594 2139 629 2197 ad
658 2142 784 2197 ventrem
810 2140 946 2199 confortat
976 2141 1094 2199 calorem
1121 2142 1256 2198 stomachi

209 2227 362 2286 secundum
386 2227 555 2284 Avicennam
573 2225 622 2284 HI.
672 2225 757 2282 Aliud
782 2225 814 2282 fit
843 2243 893 2301 per
919 2229 1085 2284 contrarium
1110 2227 1254 2285 reducens.

210 2313 337 2371 Secundo
358 2313 440 2370 modo
462 2312 631 2370 confortatur
652 2313 717 2386 quia
738 2313 850 2387 spiritus
871 2312 1027 2369 vivificatur
1049 2317 1077 2370 11
1098 2316 1257 2387 augmenta-

208 2404 253 2457 tur
275 2402 302 2456 et
315 2399 368 2456 hoc
389 2398 421 2454 fit
440 2415 491 2474 per
505 2399 661 2455 aromatica.
700 2397 802 2468 Tertio,
826 2399 891 2471 quia
912 2397 1066 2456 membrum
1087 2400 1116 2455 in
1139 2416 1168 2457 se
1191 2416 1257 2456 con·

210 2486 351 2559 stringitur
372 2488 400 2542 et
422 2484 495 2541 calor
516 2484 590 2540 intus
611 2485 757 2554 retinetur,
784 2487 812 2541 et
832 2484 885 2541 hoc
907 2483 938 2541 fit
960 2501 1009 2560 per
1031 2487 1158 2560 styptica,
1182 2485 1256 2542 unde

210 2571 280 2628 Gal.
296 2564 336 2627 V⁰
365 2570 456 2646 simpl.
484 2568 571 2626 med:
604 2585 684 2626 omne
715 2571 866 2644 stypticum
892 2569 1033 2628 confortat.
1086 2571 1187 2640 Quarto
1214 2571 1256 2643 fit,

210 2659 276 2732 quia
296 2656 445 2713 humiditas
472 2655 612 2731 superflua
637 2657 806 2712 consumitur
832 2659 860 2713 et
886 2656 938 2712 hoc
965 2657 997 2714 lit
1020 2673 1069 2732 pcr
1091 2658 1258 2714 exsiccantia

209 2746 333 2800 istorum.
384 2741 520 2816 Exempla
545 2740 679 2816 patebunt
708 2741 780 2797 iufra
806 2759 889 2817 super
911 2744 1030 2818 styptica
1055 2746 1083 2800 et
1105 2760 1188 2817 super
1210 2760 1258 2800 ex-

211 2830 354 2898 siccantia;
370 2827 498 2903 exempla
512 2830 605 2884 autem
618 2826 771 2884 medicinae
786 2828 965 2886 confortantis
987 2829 1123 2905 patebunt
1143 2829 1257 2886 inferius

211 2913 321 2989 quando
343 2914 480 2988 loquimur
502 2913 536 2971 de
551 2912 695 2970 medicinis
710 2913 914 2972 conferentibus
929 2914 1058 2972 membris
1076 2915 1199 2989 singulis.
1218 2947 1255 2955 —

520 3125 688 3186 Medicina
709 3129 946 3186 constrictiva:

295 3256 450 3331 Proprietas
476 3256 557 3312 istius
583 3255 736 3314 medicinae
762 3255 914 3314 secundum
936 3257 1143 3314 Avicennam
1169 3259 1198 3314 in
1220 3252 1259 3313 ΙΙ0

207 3346 255 3420 ,111
275 3344 393 3400 retinere
408 3343 551 3400 humorem
572 3359 608 3399 ne
626 3342 695 3398 fluat
717 3342 752 3399 ad
767 3344 902 3400 exteriora
923 3345 951 3400 et
972 3343 1024 3400 hoc
1039 3343 1105 3400 facit
1126 3347 1173 3400 aut
1194 3346 1260 3417 quia

213 3431 333 3487 exsiccat
354 3431 401 3485 aut
423 3430 488 3502 quia
502 3427 588 3503 opilat
609 3432 657 3485 111
671 3429 736 3502 quia
750 3429 928 3501 conglutinat.
965 3428 1000 3485 Et
1022 3429 1089 3485 Gal.
1105 3425 1145 3487 V⁰
1167 3430 1257 3505 simpl.

212 3514 285 3572 med.
309 3532 369 3589 cap.
388 3514 404 3571 7
432 3516 461 3570 in
482 3513 537 3571 fine
558 3517 640 3571 vocat
659 3515 741 3571 istam
763 3516 940 3583 retentivam,
968 3516 1034 3588 quia
1060 3515 1211 3572 circumdat
1232 3519 1260 3572 ct

212 3603 312 3658 retinet
333 3599 487 3657 claudendo
509 3615 591 3674 poros
614 3603 641 3656 et
662 3599 789 3674 prohibet
807 3601 1000 3658 evacuationes
1014 3602 1174 3659 manifestas
1198 3619 1261 3658 scn-

213 3691 296 3744 satas.
340 3685 376 3742 111
397 3685 550 3742 notandum
573 3686 648 3759 quod
668 3686 736 3742 haec
759 3690 801 3743 est
822 3686 938 3761 duplex:
962 3703 1018 3743 una
1039 3702 1109 3760 quae
1132 3689 1188 3761 agit
1211 3704 1261 3745 sua

213 3772 363 3846 frigiditate
386 3775 413 3829 et
434 3771 503 3829 baec
518 3771 620 3828 claudit
642 3773 669 3828 et
689 3772 789 3829 retfuet
809 3789 868 3830 rem
883 3775 1021 3829 sensatam
1042 3789 1077 3830 ne
1093 3777 1174 3831 exeat
1194 3772 1261 3828 dum

213 3861 306 3916 tamen
327 3875 425 3933 parum
447 3874 482 3915 ex
504 3859 543 3914 eis
566 3859 689 3914 sumatur
711 3861 738 3914 et
760 3860 783 3914 si
805 3858 868 3932 plus
891 3859 1008 3914 sumitur
1024 3860 1212 3934 stupefaciunt
1233 3861 1261 3915 et

215 3945 239 4002 si
262 3944 380 4000 multum
406 3945 522 4001 sumitur
546 3942 727 4015 interficiunt,
756 3943 809 4000 alia
835 3946 877 4001 est
901 3946 1037 4001 retentiva
1064 3961 1134 4018 quae
1157 3943 1262 4002 claudit

215 4029 344 4106 opilando
371 4032 419 4086 aut
445 4029 618 4087 exsiccando.
670 4028 805 4105 Exempla
825 4031 930 4105 primae
953 4032 1029 4087 sunt:
1054 4047 1126 4106 aqua
1152 4030 1260 4105 frigida,
