2932 5626
683 415 913 479 -122-

275 589 358 647 modo
374 590 497 663 intellige
513 589 547 647 de
563 590 624 647 aliis
639 589 838 646 medicinarum
857 591 976 647 servitiis
997 592 1172 664 sequentium
1193 590 1321 647 radicem.

280 675 310 732 Si
325 678 418 732 autem
433 676 504 733 duae
518 675 625 732 radices
647 680 696 731 aut
715 679 771 732 tres
786 679 835 731 aut
848 676 940 750 plures
962 677 991 732 in
1013 679 1165 751 composito
1186 678 1324 750 ponantur

279 765 388 836 oportet
409 762 503 819 videre
524 762 572 818 illa
593 761 628 817 ad
651 778 721 836 quae
743 761 903 818 ordinantur
930 765 957 818 et
979 763 1129 819 secundum
1151 762 1324 819 diversitates

276 863 372 904 eorum
392 847 499 905 radices
522 847 706 905 diversificare
726 849 756 903 in
778 849 942 922 quantitate,
964 850 1005 918 ut,
1028 848 1105 904 verbi
1119 849 1219 921 gratia:
1242 848 1323 903 siris

275 937 359 1008 eaput
380 933 529 991 calefacere
551 941 579 990 et
592 950 658 1008 epar
672 933 830 1006 infrigidare
846 933 917 989 dnae
932 933 1038 990 radices
1053 935 1081 989 in
1096 932 1233 990 medicina
1248 948 1323 988 com·

274 1020 365 1094 posita
386 1019 490 1076 debent
509 1021 585 1094 poni,
608 1022 636 1076 et
657 1021 682 1075 si
696 1019 826 1074 distantia
839 1020 955 1076 istorum
969 1019 1153 1076 membrorum
1168 1020 1203 1074 sit
1223 1035 1324 1091 aequa-

275 1105 337 1161 liter
351 1105 468 1173 elevata,
483 1105 589 1162 radices
603 1107 737 1180 quantum
752 1108 795 1161 est
809 1103 844 1161 dc
858 1104 910 1161 hoo
925 1106 954 1160 in
966 1105 1075 1178 aequali
1086 1105 1209 1180 pondere
1221 1103 1324 1160 debent

276 1192 438 1248 mensurari.
460 1191 496 1247 Et
511 1190 619 1248 sibene
634 1190 745 1265 regulae
761 1190 917 1264 praedictae
932 1191 961 1246 in
977 1190 1098 1265 capitulo
1110 1190 1136 1246 Π
1150 1189 1324 1246 consideren-

275 1279 320 1333 tur
334 1277 437 1333 scietur
455 1277 573 1333 faciliter
593 1276 629 1333 de
651 1293 705 1350 qua
727 1276 800 1350 plus,
823 1276 858 1332 de
880 1293 935 1350 qua
955 1278 1047 1332 minus
1062 1280 1104 1334 est
1119 1275 1322 1350 apponendum.

275 1361 344 1418 Nam
376 1363 529 1419 secundum
555 1362 629 1436 quod
654 1361 792 1419 medicina
819 1361 883 1436 plus
905 1364 988 1435 juvat
1012 1363 1173 1418 autminus
1195 1362 1259 1436 plus
1281 1365 1326 1417 est

275 1449 354 1504 fortis
376 1451 424 1504 aut
445 1450 546 1519 minus,
567 1449 648 1523 plura
668 1447 791 1504 membra
811 1449 923 1522 respicit
942 1451 990 1504 ant
1005 1450 1144 1522 pauciora,
1166 1448 1195 1503 in
1217 1447 1325 1504 confor-

275 1533 360 1590 tando
381 1534 462 1608 plura
482 1534 566 1591 habet
586 1537 753 1591 nocumenta
775 1537 823 1589 aut
843 1535 974 1608 pauciora
1000 1537 1028 1591 et
1049 1535 1089 1590 sic
1111 1533 1145 1590 de
1168 1532 1238 1604 aliis,
1260 1533 1324 1606 plus

275 1613 461 1695 minusve¹³⁴)
484 1619 518 1677 de
541 1613 635 1698 eam)
649 1622 692 1676 est
706 1619 909 1693 apponendum.
947 1619 990 1674 Ex
1007 1620 1086 1676 dictis
1100 1622 1181 1695 potes
1195 1618 1325 1701 colligere

276 1706 441 1779 digestivum
462 1707 586 1761 humoris
613 1705 762 1779 cujuslibet
786 1706 816 1760 in
843 1721 1008 1779 quocunque
1040 1705 1163 1762 membro
1195 1708 1323 1779 ponatur,

159 1800 162 1805 ’
276 1790 354 1848 verbi
376 1792 476 1864 gratia:
506 1792 529 1847 si
550 1792 593 1847 vis
616 1792 739 1864 digerere
760 1793 921 1864 peccantem
943 1809 995 1847 sua
1018 1791 1155 1847 caliditate
1178 1790 1262 1848 debes
1284 1791 1324 1845 vi-

276 1877 341 1934 dere
362 1878 392 1932 in
414 1893 468 1951 quo
488 1876 612 1935 membro
635 1879 760 1948 situatur,
787 1880 879 1932 utrum
905 1879 935 1932 in
963 1876 1105 1933 stomacho
1127 1876 1173 1932 vel
1193 1877 1224 1931 in
1245 1879 1326 1950 epate

275 1962 321 2019 vel
342 1964 370 2018 in
394 1962 455 2020 aliis
476 1963 616 2034 membris,
639 1965 705 2019 tuno
727 1962 834 2035 indiges
856 1963 993 2018 medicina
1013 1964 1180 2036 reprimente
1202 1961 1326 2017 calidita-

275 2051 332 2104 tem
359 2048 465 2105 colerac
492 2065 574 2122 qnam
599 2049 718 2122 reperies
747 2049 776 2104 in
803 2047 895 2104 areola
922 2049 1120 2105 medicinarum
1141 2048 1327 2121 frangentium

277 2134 434 2204 acuitatem,
457 2138 485 2191 et
507 2135 531 2190 si
546 2133 642 2190 eadem
656 2133 795 2190 medicina
810 2135 963 2208 reperiatur
976 2135 1006 2190 in
1021 2134 1113 2191 areola
1126 2135 1326 2208 proprietatum

278 2219 394 2276 membri
414 2219 499 2291 illius,
522 2221 552 2275 in
573 2236 628 2294 qua
648 2213 822 2294 materia¹³⁶)
845 2221 1008 2290 continetur,
1031 2223 1097 2276 tune
1118 2219 1233 2276 habebis
1253 2235 1327 2275 eom-

274 2306 445 2379 plementum
466 2305 576 2377 radicis,
598 2304 677 2361 verbi
698 2306 798 2378 gratia:
827 2306 946 2375 endivia,
970 2305 1163 2380 scolopendria
1183 2306 1213 2360 in
1235 2307 1325 2379 epate,

276 2394 305 2447 et
326 2393 366 2447 sic
387 2392 509 2464 intellige
530 2393 560 2447 in
582 2390 751 2460 humoribus,
765 2391 825 2447 aliis
848 2395 876 2447 et
898 2391 958 2447 aliis
978 2391 1107 2448 membris
1129 2393 1158 2447 et
1178 2394 1245 2447 tuno
1261 2406 1326 2446 con-

275 2476 409 2534 siderabis
431 2479 523 2532 utrum
545 2477 618 2533 dicta
640 2476 777 2533 medicina
797 2478 950 2552 reperiatur
969 2479 998 2533 in
1021 2477 1113 2551 aliqua
1134 2476 1225 2533 areola
1239 2476 1326 2532 medi-

276 2564 400 2619 cinarum
421 2563 581 2619 nocentium
603 2565 632 2618 et
650 2564 803 2636 reprimens
824 2564 914 2636 ipsam
935 2580 984 2636 per
1000 2580 1080 2619 suum
1096 2563 1262 2618 contrarium
1278 2566 1326 2618 aut

276 2650 300 2704 si
322 2648 404 2704 alicui
424 2648 547 2705 membro
569 2651 668 2705 noceat
689 2665 812 2722 apponas
827 2648 948 2722 aliquam
962 2649 1129 2706 medicinam
1149 2648 1219 2703 illud
1239 2664 1326 2704 mem-

275 2734 355 2791 brum
376 2735 569 2809 respicientem
591 2737 619 2790 ot
639 2735 732 2808 ipsum
747 2733 955 2791 confortantem.
993 2734 1038 2791 Sic
1054 2751 1118 2808 ergo
1133 2733 1219 2790 habes
1241 2733 1326 2789 docu-

275 2824 370 2877 menta
390 2821 544 2877 necessaria
565 2836 615 2894 per
636 2836 707 2894 quae
729 2822 808 2893 potes
824 2819 1002 2877 artificialiter
1021 2821 1091 2876 scire
1112 2823 1140 2876 et
1155 2820 1223 2875 alias
1237 2818 1324 2876 medi-

277 2906 353 2962 cinas
375 2905 510 2964 ordinare.

397 2991 571 3067 (Expliciunt
592 2991 698 3048 arcolae
719 2990 884 3048 Johannis
906 2990 946 3047 de
968 2989 1012 3046 St.
1029 2986 1205 3068 rimando.)
