2932 5626
624 639 834 703 -24-

205 815 332 892 sompnia
361 815 443 873 mala.
464 845 507 857 -
528 808 702 890 Dethin⁸⁴)
723 815 740 871 i.
758 831 782 871 e.
806 829 894 872 auena
919 813 987 871 facit
1011 815 1186 873 scotomiam.
1214 845 1257 856 -

205 903 312 959 Ilruoa
333 902 392 959 sola
418 903 540 958 comesta
560 901 626 958 facit
648 901 770 959 dolorem
792 901 890 977 capitis
912 902 977 975 quia
999 901 1102 972 calida,
1125 899 1177 957 sed
1198 900 1256 957 lac·

206 992 280 1060 tuca,
299 987 419 1060 endivIa,
435 987 578 1063 portulaca
593 988 619 1044 ei
634 987 755 1044 admixta
769 987 822 1044 hoc
837 988 989 1046 removent.
1026 986 1103 1062 Idem
1117 985 1190 1045 Ras.
1202 980 1256 1042 111⁰

205 1074 332 1132 Almans.
354 1104 397 1115 -
418 1072 505 1149 Epar
527 1089 646 1149 caprae
669 1076 821 1131 comestum
841 1072 944 1147 detegit
959 1072 1121 1149 epilensiam
1141 1075 1257 1148 propter

208 1161 250 1217 sui
273 1159 435 1234 grossitiem.
458 1190 499 1202 -
521 1158 628 1215 Enula
648 1158 715 1215 facit
728 1159 850 1217 dolorem
866 1159 973 1233 capitia,
995 1160 1061 1234 quia
1075 1157 1172 1230 calida,
1189 1174 1256 1214 con·

205 1246 259 1303 tert
272 1248 364 1303 tamen
377 1246 548 1319 emigraneae
562 1244 686 1319 frigidae.
703 1277 745 1286 -
767 1239 999 1322 E'puhima⁸⁴b)
1014 1245 1043 1301 in
1058 1244 1134 1302 febre
1148 1244 1255 1302 factum

209 1349 291 1408 super
312 1334 395 1406 caput
416 1335 527 1407 generat
549 1331 616 1389 soda
638 1333 703 1404 quia
722 1330 850 1406 prohibet
871 1331 963 1387 fumos
985 1332 1059 1389 exite
1082 1328 1185 1404 (hvic.
1201 1323 1255 1386 III⁰

207 1434 267 1493 cap.
291 1416 325 1473 de
348 1433 413 1473 cura
434 1416 519 1475 sodae
541 1416 666 1492 calidae).
689 1415 863 1474 -Fabae
885 1417 991 1473 faciunt
1004 1416 1128 1474 dolorem
1147 1416 1253 1492 capitis.

206 1503 284 1560 Idem
306 1503 400 1560 Isaac
421 1504 451 1559 in
466 1503 546 1561 dietis
561 1502 667 1560 addens
688 1502 761 1578 quod
784 1502 890 1560 faciunt
903 1505 1010 1561 somnia
1031 1504 1167 1577 corrupta,
1190 1508 1257 1558 sunt

207 1590 281 1647 enlm
295 1592 436 1647 ventosae.
460 1621 500 1631 —
523 1588 799 1662 Foenugraecum
817 1588 884 1645 facit
898 1588 975 1661 seda,
992 1589 1056 1664 quia
1071 1590 1182 1664 generat
1204 1587 1258 1644 hu·

207 1691 312 1732 morem
343 1674 455 1731 malum.
493 1706 533 1717 -
569 1673 752 1732 Facalesus
778 1675 796 1730 i.
817 1690 842 1731 e.
870 1673 1061 1733 bucormarien
1087 1675 1105 1730 t.
1122 1690 1146 1731 e.
1169 1673 1260 1731 herba

208 1760 326 1818 Sanctae
349 1759 450 1818 Mariae
472 1759 547 1836 quod
566 1760 641 1818 idem
663 1763 705 1818 est
726 1761 755 1817 iu
776 1760 840 1817 vino
862 1761 984 1836 positum
1011 1762 1038 1818 et
1059 1759 1176 1818 bibitum
1197 1760 1259 1817 ine-

207 1847 278 1905 briat
299 1845 453 1920 magnifice.
477 1877 517 1889 -
539 1845 679 1903 Faseoli
700 1849 802 1903 nocent
824 1847 908 1922 capiti
929 1845 1017 1921 (llas.
1033 1845 1072 1902 III
1093 1843 1190 1920 Ilm).
1215 1877 1258 1887 —

154 1972 157 1979 -
208 1932 310 1990 Glans
331 1931 398 1989 facit
419 1932 496 2004 soda,
519 1933 585 2006 quia
599 1932 708 2006 stringh
721 1932 856 1989 ventrem.
879 1964 920 1975 —
942 1931 1075 1989 Harmel
1096 1933 1114 1988 i.
1131 1949 1156 1990 e.
1171 1931 1261 1988 herba

209 2019 305 2075 similis
338 2017 465 2092 myrrhae
492 2016 610 2075 inebriat
637 2020 709 2074 sicut
734 2020 817 2092 potus
839 2019 904 2074 vini.
929 2051 969 2060 —
991 2018 1085 2075 lreos
1106 2017 1172 2074 facit
1194 2016 1259 2074 dor-

209 2105 276 2161 mire
299 2103 433 2161 elevando
459 2103 551 2162 fumos
580 2106 608 2160 et
633 2105 727 2160 tamen
749 2103 856 2160 confert
878 2103 961 2161 sodae
983 2105 1123 2178 antiquae,
1146 2103 1259 2176 quando

209 2191 339 2247 miscetur
353 2206 416 2246 cum
431 2189 467 2247 ol.
483 2205 569 2247 rosac.
587 2191 615 2246 et
630 2192 706 2248 aceto
721 2191 788 2246 viui.
812 2221 851 2232 —-
874 2189 892 2246 J
897 2192 1094 2263 usquiamus
1113 2189 1179 2246 facit
1194 2188 1257 2245 dor-

209 2278 278 2333 mite
300 2278 328 2333 et
350 2274 496 2333 conturbat
517 2277 651 2332 rationem
666 2275 873 2350 stupefaciendo
890 2293 940 2332 sua
953 2275 1112 2351 frigiditate.
1137 2307 1173 2317 —
1199 2274 1257 2331 Ja-

208 2361 287 2419 bort
306 2363 325 2418 i.
342 2377 366 2418 e.
389 2361 468 2418 radix
488 2360 779 2435 mandragoraefacit
806 2362 924 2420 dormire
951 2365 979 2419 et
1001 2378 1064 2418 cum
1084 2362 1149 2418 uino
1170 2360 1259 2418 bibita

209 2446 336 2519 Inebriat,
364 2449 406 2503 est
432 2447 506 2504 enim
526 2447 626 2521 frigida
647 2449 793 2505 narcotica.
817 2479 857 2489 —
879 2447 943 2504 Lac
964 2446 1157 2504 universaliter
1177 2450 1260 2504 nocet

208 2533 375 2590 habentibus
398 2532 498 2591 debilia
520 2535 621 2608 capita.
662 2532 739 2590 Idem
759 2533 820 2589 uult
841 2533 937 2609 Hipp.
960 2535 990 2590 in
1015 2532 1171 2607 aphorismo
1196 2532 1259 2606 „lac

211 2619 275 2676 dare
298 2620 326 2676 et
344 2619 370 2675 .“
396 2649 436 2660 -
458 2618 575 2676 Lubue
596 2620 615 2675 i.
632 2635 656 2676 e.
680 2619 760 2676 arbor
781 2619 865 2694 sigiae
892 2635 928 2676 ex
949 2636 1004 2694 qua
1024 2620 1057 2675 fit
1078 2622 1171 2676 storax
1192 2618 1261 2677 tacit

211 2704 311 2762 subeth
333 2705 362 2762 et
383 2705 501 2762 maxime
524 2705 615 2762 oleum
638 2706 707 2777 ejus.
731 2737 772 2746 -
794 2705 975 2762 Lenticula
995 2707 1078 2762 nocet
1092 2705 1157 2779 quia
1170 2705 1260 2779 replet

211 2791 353 2849 cerebrum
375 2790 458 2848 fumIs
480 2791 554 2847 unde
573 2790 641 2848 facit
655 2792 761 2848 somnia
774 2790 953 2849 formidolosa
975 2791 1086 2866 (Isaac
1107 2792 1137 2847 in
1152 2789 1258 2866 dleds).

211 2909 251 2919 —
274 2875 437 2951 Melingia
458 2877 476 2932 i.
493 2893 517 2934 e.
533 2875 625 2933 malva
647 2879 759 2954 generat
774 2875 871 2934 sodam
893 2880 920 2935 et
933 2878 1072 2934 tristitiam
1094 2875 1260 2950 multiplicat

212 2965 276 3038 quia
303 2965 415 3036 generat
435 2962 655 3020 melancholiam.
690 2995 730 3004 -
765 2961 898 3037 Myrrha
922 2963 988 3021 facit
1014 2963 1109 3021 sodam
1135 2963 1208 3020 sanis
1232 2965 1260 3019 et

212 3048 381 3124 patiendbus
397 3049 472 3105 soda.
496 3080 537 3091 —
559 3049 634 3104 Nux
655 3048 721 3105 facit
743 3049 838 3106 sodarn
853 3053 966 3125 propter
981 3050 1024 3105 sui
1038 3051 1194 3105 acuitatem.
1218 3079 1260 3090 -

212 3130 424 3206 Nasturtiqu
438 3136 520 3191 nocet
534 3135 617 3208 capiti
632 3134 783 3192 seeundum
798 3134 871 3191 Ras.
887 3137 916 3192 in
930 3135 975 3190 Al.
999 3167 1040 3176 —
1063 3133 1179 3209 Opium
1193 3133 1261 3190 facil

214 3221 331 3278 dormIre
354 3221 418 3294 quia
447 3223 489 3277 est
510 3219 640 3294 frIgidum
661 3222 832 3278 narcoticum
854 3224 882 3278 et
903 3221 1020 3278 destruit
1040 3221 1211 3278 Intellectum
1234 3221 1262 3277 et

214 3324 335 3378 sensum,
358 3306 497 3363 tamensi
519 3323 581 3362 curn
607 3306 718 3380 myrrha
745 3308 773 3363 et
795 3322 874 3363 croco
896 3309 1044 3364 misceatur
1065 3306 1143 3363 sedat
1165 3304 1262 3362 sedam

214 3394 363 3466 antiquam.
387 3424 427 3435 —
450 3391 639 3449 Olibanum:
663 3409 730 3448 usus
752 3393 811 3465 ejus
826 3392 929 3449 multus
944 3393 1010 3449 facit
1025 3391 1120 3450 sodam
1135 3392 1261 3466 quamvis

214 3497 282 3536 usus
297 3480 357 3552 ejus
372 3480 542 3551 temperatus
557 3478 698 3535 cerebrum
714 3478 851 3535 confortat
866 3482 893 3535 et
908 3479 931 3535 si
945 3480 1093 3536 misceatur
1112 3493 1175 3534 cunr
1189 3478 1262 3534 nitro

213 3565 374 3621 mundificat
395 3563 524 3621 furfures.
548 3595 588 3605 —
610 3563 741 3620 Pelium
755 3565 823 3620 facil
837 3564 942 3636 sedam,
965 3563 1049 3621 habet
1063 3565 1135 3621 enim
1150 3579 1263 3638 gravem

215 3652 326 3708 odorem
349 3667 412 3706 cum
438 3649 557 3725 quadarn
582 3650 788 3707 aromaticitate.
813 3682 852 3692 -
874 3650 1008 3706 Porrum
1030 3652 1183 3707 comestum
1196 3649 1264 3706 facit

215 3737 311 3794 sudam
334 3739 361 3794 et
374 3737 518 3810 imagInan'
540 3739 568 3793 et
589 3735 681 3793 videre
703 3737 808 3793 somnia
829 3735 910 3792 mala.
952 3735 1028 3793 Idem
1050 3736 1117 3792 dicit
1137 3735 1210 3792 Ras.
1233 3736 1264 3791 iu

216 3823 289 3878 Alm.
313 3854 354 3863 -
376 3819 525 3896 Papauer
553 3821 619 3879 facil
646 3821 763 3880 dormire
790 3823 854 3895 quia
880 3821 1010 3896 frigidum
1033 3825 1060 3879 et
1081 3822 1199 3877 marIme
1221 3822 1264 3877 ni-

217 3925 304 3982 grum,
328 3908 391 3982 quia
414 3911 456 3965 est
469 3909 690 3982 ingrossativum.
715 3940 755 3949 —
776 3906 864 3964 Rubi
885 3908 990 3965 fructus
1012 3909 1030 3963 i.
1047 3924 1071 3964 e.
1094 3923 1171 3963 mora
1192 3907 1264 3964 mul-

217 3997 277 4050 tum
292 3996 429 4050 comestus
445 3993 512 4050 facit
527 3993 631 4052 sedam.
655 4025 695 4035 -
717 3993 900 4068 Raphanus
921 3995 1004 4050 uocet
1018 3994 1111 4067 capiti,
1135 3992 1264 4050 dentibus

218 4082 246 4136 et
267 4079 359 4153 palato
383 4096 433 4135 sua
458 4080 663 4136 mordicatione.
698 4112 739 4121 -
771 4079 859 4136 Rosa
884 4079 951 4136 facit
975 4096 1070 4136 reuma
1096 4082 1124 4135 et
1157 4081 1264 4136 sternu-

217 4165 350 4224 tationem
372 4165 524 4223 secundum
544 4165 663 4223 Raeto
677 4165 722 4222 Al.
760 4165 837 4222 Idem
855 4165 922 4223 dicit
935 4164 1047 4222 Mesu'e
1062 4164 1166 4223 addens
1189 4163 1266 4237 quod
