2932 5626
698 512 908 574 „78-

274 684 358 756 divia,
382 700 437 756 qua
452 688 585 741 evacuata
599 684 745 742 redeamus
768 684 803 740 ad
825 684 1011 759 abstergentia
1033 690 1060 742 et
1081 685 1235 742 secundum
1258 687 1333 760 quod

273 771 388 826 materia
411 772 453 826 est
474 771 562 843 magis
584 770 753 843 profundata
774 773 852 827 tanto
879 773 956 828 utere
978 771 1137 827 fortioribus
1160 771 1330 842 abstemius,

272 855 346 910 etsi
373 856 475 925 minus,
506 854 644 911 debilibus
678 860 753 913 utere
780 855 885 913 scilicet
905 857 1034 912 lavativis
1057 860 1085 913 et
1106 856 1330 912 mundificativis.

271 939 346 995 Haec
374 942 417 995 est
443 940 565 997 theorica
588 945 700 1016 sumpta
722 942 756 998 ab
779 941 953 998 Avicenna
974 942 993 997 l.
1010 941 1057 1000 lV.
1083 974 1123 982 —
1146 942 1331 1015 Argentum

271 1025 384 1080 vivum
412 1041 475 1080 cum
498 1025 533 1081 ol.
557 1042 612 1082 ros.
641 1027 761 1097 confert3
796 1043 863 1082 cave
890 1030 997 1082 tantum
1024 1031 1168 1100 argentum
1193 1029 1288 1083 vivum
1316 1044 1332 1081 a

271 1109 402 1165 membris
425 1110 564 1167 nobilibus
588 1112 743 1168 secundum
764 1111 856 1167 Avic.
873 1110 893 1167 l.
906 1111 946 1168 IV
967 1112 1018 1168 f.7
1055 1112 1111 1169 r.3
1136 1129 1196 1186 cap.
1227 1112 1331 1183 „medi-

272 1210 370 1250 camen
391 1195 472 1251 facile
495 1196 629 1252 bonum“.
654 1229 695 1238 -
717 1197 932 1253 Attrameuta
954 1198 1047 1253 omnia
1062 1196 1209 1253 conferunt
1230 1195 1333 1252 scabiei

270 1279 410 1335 humidae.
435 1312 476 1319 -
499 1282 700 1338 Arsenicnm
723 1299 786 1338 cum
809 1280 892 1355 adipe
915 1285 943 1338 et
958 1282 1019 1338 oleo
1035 1282 1142 1338 confert
1157 1281 1260 1338 scabiei
1281 1281 1332 1336 bu-

270 1364 361 1420 midae
384 1365 567 1437 abstergendo
591 1383 653 1423 cum
676 1367 797 1441 quadam
819 1366 974 1423 adustione.
1006 1399 1046 1408 -
1079 1368 1146 1422 Asa
1168 1383 1232 1422 oum
1254 1370 1331 1422 aceto

216 1500 218 1504 ,
271 1452 301 1505 et
314 1451 410 1523 pipere
427 1450 533 1506 confert
547 1447 748 1526 humidae¹²²)‚
772 1452 837 1525 quia
851 1452 973 1508 resolvit.
990 1484 1031 1492 —
1046 1452 1158 1507 Acedo
1175 1469 1237 1507 cum
1254 1455 1331 1508 aceto

271 1535 377 1590 confert
400 1535 503 1592 scabiei
525 1534 675 1594 ulcerosae.
712 1569 751 1577 -
785 1537 909 1609 Apium
941 1536 1067 1592 silvestro
1090 1537 1197 1593 confert
1219 1537 1330 1606 scabiei,

271 1618 345 1675 unde
367 1620 460 1675 Avic.
477 1620 515 1675 IV
537 1623 656 1695 capitulo
678 1623 732 1677 isto
755 1621 821 1677 dicit
848 1621 924 1695 quod
949 1621 1068 1677 multum
1095 1624 1140 1678 est
1170 1622 1276 1679 bonum
1302 1623 1332 1677 in

270 1703 362 1760 scabie
377 1706 460 1776 sicca,
483 1705 558 1761 unde
574 1705 742 1780 Serapion
755 1706 774 1761 1.
791 1705 831 1761 lV
853 1723 914 1780 cap.
937 1708 991 1763 isto
1009 1699 1164 1780 dicitquod
1180 1709 1274 1780 apium
1289 1723 1331 1763 re-

271 1805 335 1845 cens
351 1789 459 1846 confert
473 1789 554 1846 valde
571 1792 605 1846 ad
622 1794 768 1865 pruritum,
792 1791 866 1847 unde
888 1793 912 1846 si
928 1792 1021 1865 apium
1044 1808 1108 1847 cum
1130 1792 1188 1847 sale
1210 1793 1328 1865 pistetur

270 1876 340 1930 etin
364 1891 456 1948 panno
471 1875 545 1930 lineo
560 1876 682 1949 ligentur
705 1880 733 1932 et
754 1875 856 1932 exinde
878 1875 1002 1932 membra
1023 1878 1053 1932 in
1074 1876 1175 1933 balneo
1198 1877 1331 1933 fricentur

271 1958 383 2015 confert.
408 1991 448 1999 —
472 1960 566 2031 Aqua
581 1960 768 2034 sulphurea
789 1960 895 2017 confert
910 1960 1094 2035 abstergendo
1111 1965 1139 2018 et
1152 1961 1327 2018 resolvendo.

270 2043 479 2100 Abrotonum
495 2043 625 2100 adustum
640 2046 748 2101 confert
762 2045 955 2118 abstergendo,
979 2045 1158 2117 subtiliando‚
1179 2047 1328 2120 aperiendo

271 2146 333 2184 cum
357 2146 407 2184 sua
429 2129 568 2185 terreitate
591 2133 619 2186 et
641 2130 749 2187 confert
771 2130 920 2204 alopeciae.
950 2162 990 2171 -
1017 2130 1128 2204 Adeps
1151 2133 1209 2186 ursi
1232 2135 1260 2187 et
1282 2149 1329 2186 an-

270 2215 340 2270 seris
362 2214 469 2270 confert
491 2213 640 2289 alopeciae.
675 2247 716 2256 -
749 2214 835 2271 Allii
857 2216 927 2271 cinis
950 2232 1014 2270 cum
1036 2215 1119 2272 melle
1142 2216 1248 2271 confert
1270 2233 1329 2271 sca-

269 2298 326 2354 biei
348 2301 376 2355 et
397 2300 560 2373 impetigini.
584 2332 624 2341 -
648 2300 787 2374 Argenti
810 2301 919 2355 scoria
941 2300 1048 2355 confert
1071 2300 1159 2356 valde.
1184 2333 1225 2340 -
1249 2301 1329 2356 Auri

270 2384 400 2440 limatura
422 2383 530 2440 confert
551 2385 701 2459 alopeciae.
725 2417 765 2426 -
794 2384 878 2441 Citri
901 2387 1046 2441 acetositas
1069 2385 1141 2441 conf.
1165 2386 1327 2458 impetigini.

272 2501 312 2510 -
336 2467 463 2526 Crocus
486 2486 549 2525 cum
572 2473 649 2526 aceto
673 2470 746 2526 conf.
768 2470 934 2544 impetigini.
960 2501 999 2511 —
1022 2469 1140 2525 Calida
1162 2486 1234 2542 aqua
1256 2469 1330 2525 valet

276 2554 381 2611 scabiei
403 2554 563 2610 evacuando
586 2556 739 2611 materiam.
767 2586 808 2596 -
836 2554 1011 2611 Calidonia
1031 2555 1122 2629 posita
1144 2571 1207 2609 cum
1230 2571 1329 2609 evacu-

272 2640 353 2694 ativis
383 2642 466 2712 juvat
499 2657 550 2696 sua
580 2641 748 2714 proprietate
771 2639 928 2714 (Aviclll
949 2639 1001 2695 fl
1024 2639 1091 2695 tr.3
1115 2656 1174 2712 cap.
1199 2639 1233 2695 de
1264 2656 1330 2694 cura

272 2724 348 2797 quod
370 2726 470 2799 incipit
492 2741 577 2800 „cura
600 2725 799 2799 communis“).
823 2755 864 2766 —-
887 2724 969 2780 Garo
995 2741 1079 2781 ranae
1102 2724 1201 2780 adusta
1223 2724 1330 2780 confert

271 2808 421 2883 alopeciae.
438 2842 478 2851 -
503 2808 584 2867 Caro
600 2811 745 2867 vaccina
759 2813 873 2882 generat
888 2827 1026 2880 cancrum,
1042 2810 1164 2867 scabiem
1179 2813 1207 2866 et
1221 2811 1329 2883 impeti·

269 2895 371 2966 ginem.
395 2925 436 2934 -
459 2894 691 2952 Oalamentum
713 2898 875 2952 montanum
898 2897 921 2951 si
941 2911 976 2951 ex
991 2910 1024 2951 eo
1038 2895 1163 2951 membra
1185 2896 1214 2950 in
1229 2894 1328 2950 balneo

268 2978 411 3049 fricentur,
429 2979 544 3036 confert.
569 3013 608 3022 —-
634 2980 834 3037 Cordumeni
850 2996 914 3036 oum
929 2983 1006 3036 aceto
1021 2980 1131 3036 linitum
1147 2980 1254 3036 confert
1269 2996 1327 3035 sca-

268 3062 325 3119 biei
347 3067 376 3120 et
396 3065 560 3138 impetigini.
585 3097 624 3104 —
648 3065 854 3139 Epithimum
877 3081 939 3121 cum
962 3082 1035 3138 aqna
1050 3066 1123 3122 casei
1138 3064 1244 3121 confert
1259 3064 1328 3121 bibi-

268 3151 328 3203 tum
351 3150 416 3221 quia
439 3153 556 3205 evacuat
577 3152 722 3206 materiam
745 3151 848 3207 scabiei
871 3147 976 3222 (Avic.
993 3149 1041 3221 IV,
1064 3149 1128 3206 vide
1152 3150 1186 3206 de
1208 3150 1261 3205 hoc
1284 3166 1328 3204 ca-

266 3232 356 3306 pitulo
382 3233 574 3306 „medicamen
596 3232 746 3311 bouum“).
770 3267 811 3275 —
834 3235 938 3291 Ericii
960 3235 1030 3291 cinis
1050 3235 1165 3291 adustus
1181 3251 1244 3290 cum
1266 3235 1328 3307 pice

266 3319 375 3374 mixtus
396 3318 503 3375 confert
526 3319 676 3393 alopeciae.
700 3351 742 3360 -
765 3319 889 3389 droca,
916 3319 1008 3376 oleum
1036 3319 1071 3375 de
1094 3320 1198 3376 semine
1221 3321 1281 3390 ejus
1304 3320 1328 3373 si

266 3419 301 3459 ex
335 3419 368 3459 eo
402 3403 509 3461 scabies
543 3404 658 3461 fricetur
691 3405 726 3460 ad
748 3405 837 3462 solem
869 3404 914 3461 vel
944 3404 980 3460 ad
1007 3406 1099 3477 ignem
1129 3407 1173 3460 est
1201 3403 1328 3458 ultimum

265 3487 371 3561 (Avic.
389 3489 408 3546 l.
424 3488 464 3544 IV
484 3489 504 3545 f.
520 3490 536 3545 7
561 3493 595 3545 tr.
611 3489 628 3546 3
652 3507 712 3564 cap.
736 3490 812 3566 quod
834 3491 931 3563 incipit
956 3490 1009 3561 „de
1025 3506 1090 3545 cura
1106 3490 1245 3546 communi
1259 3488 1325 3561 Rp:

264 3572 433 3646 myrobal.“‚
461 3576 491 3630 in
517 3574 586 3644 fine3
615 3575 683 3631 item
708 3593 749 3650 rp.
781 3577 837 3649 apii
868 3574 1005 3647 cleandri,
1036 3575 1125 3644 aneti,
1152 3574 1237 3630 faecis
1261 3574 1326 3642 vini,

265 3660 403 3732 pistentur
425 3659 508 3715 simul
535 3664 563 3717 et
584 3659 768 3717 infundantur
790 3661 851 3718 oleo
874 3676 985 3730 erucae3
1013 3663 1056 3716 est
1079 3660 1154 3715 enim
1176 3658 1257 3714 valde
1280 3658 1327 3715 bo-

265 3760 343 3814 num,
368 3747 391 3801 si
413 3744 480 3802 inde
501 3744 580 3802 locus
595 3747 787 3819 pruriginosus
810 3746 932 3801 fricetur.
960 3778 996 3787 -
1020 3744 1240 3817 Eupatorium
1264 3759 1327 3798 con-

263 3827 319 3884 fert
342 3828 486 3905 alopeciae
508 3834 536 3887 et
557 3832 650 3887 tineae
673 3833 739 3905 quia
754 3830 956 3888 subtiliativum
971 3829 1053 3886 valde
1069 3827 1251 3902 abstergendo
1267 3830 1328 3884 sine

264 3916 441 3984 attractione;
475 3917 542 3972 item
569 3917 635 3990 qnia
661 3919 799 3992 stypticus
827 3919 855 3973 et
880 3916 1089 3990 repercussivus
1116 3917 1144 3971 et
1177 3914 1326 3982 confortat3

262 3999 330 4057 item
359 4016 459 4058 succus
487 4004 548 4073 ejus
577 4016 640 4057 cum
661 4003 739 4060 fumo
762 4007 852 4059 terrae
875 4003 903 4057 et
926 3999 1064 4075 oxymelle
1086 4002 1199 4075 potatus
1223 3998 1328 4055 confert
