2932 5626
762 660 969 724 ,22-

344 837 443 894 lentiae
459 837 523 910 quia
537 839 580 894 est
593 837 671 894 fortis
686 836 879 893 exsiccationis
895 838 953 894 sine
968 836 1174 894 mordicatione.
1189 869 1228 878 —
1245 833 1391 891 Paeonia

344 939 479 997 suspense
501 923 570 979 collo
592 921 725 997 prohibet
739 922 907 996 epilentiam.
931 955 972 966 -
993 923 1108 980 Pinus:
1133 923 1256 980 decoctio
1279 924 1339 994 ejus
1362 924 1391 977 et

343 1009 462 1065 maxime
478 1003 651 1084 corticis⁸³¹>)
668 1007 779 1064 attrahit
793 1008 892 1081 flegma
907 1008 1056 1083 plurimum
1069 1009 1143 1066 facto
1159 1009 1337 1083 caputpurgio
1354 1023 1390 1063 ex

344 1111 377 1152 eo
400 1097 447 1150 ant
469 1096 673 1169 gargarismate.
697 1126 738 1136 -
760 1093 907 1167 Papaver
932 1095 1058 1169 prohibet
1087 1096 1241 1151 catarrhum
1267 1110 1330 1150 cum
1352 1093 1388 1149 cl.

343 1198 397 1238 ros.
427 1183 455 1237 et
482 1181 588 1237 confert
621 1180 704 1238 sodae
730 1179 835 1236 calidae
863 1184 892 1237 et
917 1183 941 1238 si
967 1198 1002 1238 ex
1024 1197 1056 1237 eo
1077 1181 1161 1238 fronti
1183 1180 1391 1256 emplastratum
1459 1252 1464 1261 .

343 1269 500 1341 imponatur
511 1270 593 1340 juvat
606 1266 755 1325 habentem
769 1265 876 1340 vigihas
899 1269 927 1322 et
941 1269 1073 1341 provocat
1092 1283 1227 1324 somnum.
1251 1299 1292 1308 -
1313 1267 1390 1323 Per-

343 1355 414 1410 sica
436 1353 555 1409 maxime
578 1353 668 1411 oleum
691 1355 751 1425 ejus
775 1353 881 1409 confert
903 1356 1073 1427 emigraneae
1096 1354 1160 1426 quia
1175 1357 1218 1410 est
1232 1353 1351 1426 styptica
1363 1354 1391 1408 et

342 1438 471 1513 prohibet
493 1455 603 1495 cursum
624 1440 749 1495 materiei
771 1441 848 1494 etin
869 1439 922 1495 hoc
944 1439 1055 1512 qnando
1077 1440 1139 1514 ipsa
1161 1443 1203 1495 cst
1224 1440 1326 1494 siccata
1347 1440 1390 1494 est

342 1526 481 1599 potentior
502 1527 530 1581 et
544 1528 662 1582 maxime
684 1526 714 1580 in
735 1527 849 1580 matura.
874 1557 914 1567 —
937 1525 1024 1581 Rosa
1046 1525 1125 1582 sedat
1147 1524 1269 1581 dolorem
1292 1525 1390 1598 capitis

343 1610 461 1667 calidum
481 1613 510 1667 et
523 1613 642 1668 maxime
657 1610 778 1666 humida.
804 1642 845 1652 -
866 1611 958 1668 Roba
978 1613 997 1669 i.
1014 1627 1039 1667 e.
1063 1610 1189 1667 avellana
1203 1609 1294 1667 indica
1316 1612 1339 1666 si
1355 1626 1391 1666 ex

342 1713 375 1753 ea
401 1695 449 1752 fiat
471 1698 683 1771 caputpurgium
705 1695 810 1752 confert
832 1697 988 1771 epilentiae,
1011 1699 1169 1767 scotomiae,
1192 1698 1309 1768 maniae,
1332 1712 1390 1752 rne-

341 1781 495 1839 lanchchae
529 1785 557 1838 et
585 1782 668 1838 sodae
691 1785 719 1838 et
743 1783 842 1838 iterum
869 1782 976 1839 confert
1001 1784 1122 1838 torturae
1151 1784 1214 1854 orie,
1238 1783 1303 1855 quia
1323 1783 1391 1837 facit

342 1868 427 1924 fluere
447 1867 638 1925 humiditatem
660 1885 695 1924 ex
716 1868 839 1939 naribus,
869 1872 897 1925 et
917 1868 1049 1942 flegmati,
1072 1870 1150 1925 etin
1171 1868 1223 1926 hoc
1245 1871 1390 1942 expertum

342 1956 393 2010 est.
417 1985 457 1994 -
479 1954 567 2010 Ruta
589 1953 695 2010 confert
716 1952 750 2008 ad
773 1953 869 2011 sodam
895 1956 1035 2027 antiquam
1057 1955 1081 2009 si
1103 1970 1138 2010 ex
1159 1971 1192 2010 ea
1213 1954 1261 2010 fiat
1287 1954 1390 2027 empla-

343 2043 430 2095 strum
452 2042 479 2095 et
502 2039 569 2096 odor
591 2041 650 2112 ejus
667 2039 772 2095 confert
793 2040 828 2095 ad
844 2038 1015 2113 epilentiam3
1039 2044 1081 2096 est
1103 2040 1177 2096 enim
1198 2041 1324 2111 incisiva,
1346 2055 1390 2096 re-

342 2125 503 2197 resolutiva,
538 2127 717 2181 carminativa
738 2125 819 2182 vaide
845 2128 872 2181 et
893 2125 1055 2181 mundificat
1076 2143 1172 2184 venas.
1195 2157 1236 2167 —-
1259 2125 1391 2200 Squilla

343 2211 448 2267 confert
470 2211 553 2268 sodae
583 2215 611 2268 et
632 2210 843 2282 melancholiae;
873 2211 999 2267 calefacit
1020 2213 1093 2267 enim
1115 2214 1143 2267 et
1164 2212 1285 2268 exsiccat
1307 2214 1390 2267 attra-

342 2297 433 2353 hendo
456 2297 490 2352 ad
515 2299 661 2367 exteriora;
685 2296 809 2353 subtihat
830 2298 904 2354 enim
926 2297 1002 2354 cibos
1024 2313 1133 2370 grossos
1160 2301 1189 2353 et
1208 2296 1305 2353 incidit
1327 2313 1389 2352 curn

342 2383 512 2440 fortitudine.
538 2416 578 2424 —
601 2381 722 2439 Storax
737 2383 841 2440 confert
856 2399 970 2457 coryzae
986 2385 1013 2438 et
1028 2382 1164 2452 catarrh0;
1180 2382 1301 2439 lenificat
1316 2385 1390 2439 enim

342 2467 431 2525 valde.
444 2500 485 2510 —-
498 2467 730 2542 Squinantum:
751 2469 801 2526 flos
820 2471 879 2542 ejus
897 2472 979 2543 caput
990 2470 1098 2543 purgat.
1111 2500 1151 2508 -
1166 2462 1389 2544 Stioad0s⁸³⁰)

343 2555 450 2610 confert
463 2554 661 2612 melancholiae
673 2558 700 2611 ct
715 2555 870 2628 epilentiae,
893 2555 963 2611 Item
972 2554 1039 2610 dicit
1053 2554 1129 2609 Hali
1145 2554 1296 2611 secundum
1312 2571 1390 2628 prac-

342 2641 412 2696 ticos
435 2643 462 2696 et
484 2639 635 2696 secundum
650 2639 761 2697 Mesu'e'
778 2641 913 2697 confortat
933 2639 1073 2696 cerebrum
1096 2643 1124 2696 et
1137 2657 1236 2696 nervos
1252 2659 1302 2697 sua
1324 2642 1390 2697 cali-

344 2726 429 2782 ditate
451 2728 479 2783 et
501 2728 524 2782 si
535 2728 667 2799 jungatur
683 2743 745 2782 cum
759 2726 859 2800 squilla
881 2730 908 2783 et
923 2729 999 2782 aceto
1022 2728 1064 2782 est
1084 2724 1159 2782 bona
1180 2726 1317 2782 medicina
1331 2729 1390 2801 epi-

343 2811 443 2868 lentiae
465 2816 493 2868 et
514 2813 654 2885 vertigini,
685 2815 713 2868 et
735 2811 800 2868 dicit
821 2812 913 2868 Avic.
931 2812 968 2868 IV
991 2827 1049 2885 cap.
1074 2811 1109 2867 de
1131 2811 1199 2868 soda
1221 2828 1255 2868 ex
1277 2829 1389 2886 percus-

344 2899 430 2970 sione,
464 2897 537 2972 quod
566 2899 589 2954 si
616 2898 696 2954 detur
724 2899 754 2953 in
778 2901 874 2972 potum
903 2914 965 2954 cnm
988 2914 1059 2971 aque
1081 2900 1128 2953 aut
1150 2915 1253 2972 syrupo
1276 2898 1389 2956 mellino

344 2985 421 3039 curat
451 2985 570 3040 maxime
601 2985 625 3039 si
650 2984 789 3058 percussio
818 2987 860 3040 est
887 2985 945 3039 sine
971 2983 1095 3041 vulnere.
1119 3015 1159 3024 -
1183 2982 1302 3040 Semen
1324 2984 1389 3041 lini

343 3069 548 3143 suffumigatum
571 3069 677 3126 confert
698 3085 811 3143 conyzae
833 3071 898 3142 quia
919 3071 1037 3124 maturat
1059 3085 1122 3123 cum
1145 3068 1322 3126 abstersione.
1347 3103 1388 3112 -

344 3153 525 3212 Samhucus
547 3155 660 3211 resolvit
682 3155 778 3211 sodam
798 3154 926 3228 frigidam
949 3171 984 3210 ex
1004 3154 1133 3228 flegmate
1156 3154 1299 3225 odoratus3
1323 3156 1388 3213 snb·

341 3240 412 3296 tihat
427 3243 500 3297 enim
514 3241 700 3297 humiditatcs.
716 3273 757 3282 —
773 3239 888 3296 Sulfur
903 3239 1109 3314 suffumigatum
1129 3242 1237 3315 stringit
1252 3257 1388 3314 coryzam,

343 3326 466 3383 subtiliat
481 3327 554 3383 enim
569 3329 596 3383 et
611 3327 730 3384 attrahit.
748 3357 787 3367 -
804 3321 1098 3401 staphisagria83d)
1114 3329 1257 3383 masticata
1271 3329 1389 3384 extrahit

341 3413 441 3486 flegma
466 3430 482 3468 a
509 3414 609 3486 capite3
644 3415 686 3469 est
712 3414 785 3469 enim
807 3412 933 3468 adustiva
956 3414 1101 3484 corrosiva,
1131 3415 1221 3484 acuta,
1244 3414 1322 3469 acris.
1346 3446 1387 3455 -

343 3497 534 3555 Sandaraca
550 3498 723 3572 suffumigata
737 3496 864 3572 prohibet
879 3498 1033 3554 catarrhum
1049 3502 1114 3573 quia
1128 3500 1246 3573 styptica
1266 3500 1388 3556 retinens

342 3586 511 3659 sanguinem.
536 3617 576 3626 -
599 3583 749 3641 Siseleos
776 3585 881 3640 confert
908 3585 990 3641 sodae
1013 3585 1093 3642 valde
1115 3584 1278 3641 resolvendo
1301 3585 1388 3642 subti-
1449 3633 1453 3641 .

341 3670 433 3727 liando
457 3674 485 3728 et
506 3669 718 3727 mundificando
742 3703 783 3712 -
806 3669 992 3726 Scamonea
1014 3687 1076 3726 cum
1099 3673 1175 3727 aceto
1198 3674 1226 3727 et
1248 3671 1307 3727 oleo
1330 3688 1388 3728 ern-

340 3756 473 3831 piastrata
494 3759 573 3813 sanat
595 3756 690 3813 sodam
712 3757 862 3830 antiquam.
886 3786 925 3798 —
950 3754 1150 3831 Serapinum
1164 3756 1276 3814 resolvit
1291 3756 1388 3813 sodam

340 3841 467 3914 frigidam
488 3845 631 3899 ventosam
654 3846 681 3899 et
702 3843 808 3898 confert
829 3841 985 3917 epilentiae,
1009 3844 1073 3916 qnia
1095 3842 1229 3912 calefacit,
1252 3841 1385 3915 subtiliat,

340 3927 452 3984 resolvit
474 3931 501 3985 et
523 3928 663 4000 abstergit.
688 3960 726 3969 -
751 3927 843 3984 Sicla
864 3944 927 3983 cum
954 3927 1020 3984 felle
1047 3930 1121 4002 gruis
1148 3929 1177 3983 in
1205 3931 1386 4002 caputpurgio

340 4012 464 4084 mundat,
488 4018 515 4070 et
537 4015 560 4069 si
575 4030 610 4070 ex
625 4030 657 4070 ea
671 4013 720 4069 fiat
735 4012 838 4071 ablutio
856 4013 944 4069 aufert
958 4013 1086 4070 furfures.
1111 4045 1152 4056 —
1175 4012 1275 4088 Spica
1290 4015 1387 4070 nardi

341 4097 481 4153 cerebrum
507 4099 657 4171 confortat,
683 4099 783 4174 flegma
808 4098 936 4174 prohibet
964 4099 1111 4174 aperiendo
1137 4100 1300 4156 resolvendo
1323 4117 1387 4156 cum

340 4183 459 4255 quadam
480 4185 656 4261 stypticitate.
680 4217 721 4228 -
744 4185 909 4242 Sizamum
930 4180 1117 4264 (sesamium):
1142 4186 1232 4243 oieum
1247 4188 1307 4259 ejus
1322 4202 1386 4241 cum
