2932 5626
705 499 913 562 -56-

285 677 407 732 Lilium
429 674 535 731 confert
557 674 654 748 spleni.
689 707 729 717 —
763 675 914 748 Lupiuus
944 677 1091 747 utrumque
1113 674 1201 748 aperit
1221 675 1334 748 proprie

286 779 347 816 cum
371 764 456 832 aceto,
480 760 570 831 melle,
592 764 655 817 ruta
676 764 704 817 ct
725 762 827 834 pipere.
853 793 891 802 —
915 760 1062 816 Lactuca
1078 760 1184 816 confert
1194 761 1334 817 ictericiae

284 845 479 920 infrigidatum,
502 847 608 902 confert
630 846 718 902 dolori
740 848 837 921 666666,
860 848 971 920 proprie
993 848 1053 918 ejus
1077 848 1170 902 cortex
1189 862 1252 901 cum
1267 847 1332 901 vino

285 933 430 989 odorifero.
454 963 495 972 —
517 931 579 987 Lac
601 949 664 988 cum
686 932 783 1006 butyro
799 934 841 988 est
855 932 958 988 bonum
973 932 1048 1005 epati
1063 930 1151 987 calido
1173 930 1280 1004 (Ario.
1294 930 1333 986 ΙΙΙ

284 1019 303 1074 f.
321 1018 358 1074 14
380 1019 443 1074 tul
470 1034 529 1091 cap.
543 1017 604 1091 20).
629 1050 669 1060 —
692 1018 858 1074 hadauum
881 1017 1017 1073 confortat
1039 1033 1105 1090 epar
1128 1016 1218 1073 debile
1233 1033 1332 1073 secun-

286 1103 352 1159 dum
373 1103 456 1159 Hali.
484 1135 519 1144 -
543 1103 752 1177 Myrobalani
775 1103 892 1159 kehuli
906 1106 970 1159 sunt
984 1103 1050 1159 boni
1064 1104 1093 1157 iu
1107 1101 1251 1176 hydropisi
1266 1118 1331 1159 eva-

285 1189 393 1246 cuando
415 1190 557 1245 materiam
579 1193 607 1245 et
628 1206 694 1262 epar
716 1189 895 1246 confortando
919 1206 969 1244 sua
990 1190 1159 1262 ponticitate.
1193 1219 1234 1228 —-
1267 1188 1332 1244 hla-

285 1277 352 1332 stix
384 1278 426 1331 666
456 1274 560 1331 bonum
589 1277 662 1349 epati
691 1278 719 1331 ct
747 1275 853 1331 confert
881 1275 1045 1348 apostemati
1075 1276 1135 1345 ejus
1158 1275 1259 1330 statim.
1292 1307 1330 1314 —

285 1360 454 1433 Majorana
482 1361 588 1417 confert
614 1362 688 1434 epati
708 1360 860 1435 hydropico
883 1363 911 1416 66
932 1361 1040 1434 proprie
1063 1376 1097 1416 ex
1118 1359 1217 1432 frigida
1239 1355 1331 1416 causa.

285 1446 421 1520 Myrrha
449 1447 536 1520 aperit
567 1447 730 1521 opilationes
757 1447 844 1520 epatis
868 1447 932 1519 quia
958 1463 1050 1502 amara
1072 1445 1223 1501 secundum
1246 1445 1332 1502 Hali.

285 1565 326 1574 —
347 1532 421 1587 Nux
442 1535 595 1588 muscata
623 1531 759 1588 confortat
787 1536 941 1605 utrumque.
966 1564 1005 1573 —
1027 1531 1237 1588 Nasturtium
1265 1548 1334 1605 epar

286 1618 410 1674 calefacit
432 1621 460 1674 ct
482 1618 606 1692 splenem
629 1618 758 1693 deopilat.
790 1650 829 1658 —
862 1617 1061 1691 Nenuphar:
1085 1616 1163 1673 radix
1185 1619 1244 1688 ejus
1267 1634 1333 1674 con-

285 1705 339 1761 fert
360 1703 470 1760 duritiei
492 1703 595 1777 splenis
618 1704 696 1760 linita
718 1707 745 1760 et
760 1705 942 1777 superposita.
968 1735 1004 1743 —
1029 1704 1205 1776 Origanum
1227 1703 1336 1760 confert

286 1792 360 1865 epoti
376 1791 440 1862 quia
455 1789 583 1845 calidum.
607 1822 642 1830 —
662 1788 898 1864 Opoponacum
914 1788 1018 1845 confert
1033 1789 1143 1845 duritiei
1157 1789 1261 1863 splenis
1277 1806 1335 1845 cm-

285 1876 448 1950 plastratum
463 1879 491 1932 et
505 1876 528 1930 si
540 1892 602 1930 cum
614 1879 691 1932 aceto
706 1877 735 1930 in
750 1891 845 1931 musco
857 1876 978 1948 positum
990 1891 1038 1948 per
1050 1873 1120 1930 (1666
1128 1891 1241 1931 meuses
1254 1875 1333 1931 clari-

284 1961 396 2017 ficetum
409 1959 475 2035 (est)
488 1961 594 2017 confert
609 1961 699 2035 spleni
710 1961 790 2017 valde
803 1960 976 2035 deopilandc.
986 1961 1215 2017 —Portulaca
1227 1962 1333 2018 confert

287 2049 361 2122 epati
386 2046 564 2102 inflammato.
592 2078 632 2088 —
654 2040 904 2121 Pimiperus¹¹⁴)
927 2048 945 2101 i.
967 2063 991 2102 6.
1016 2063 1162 2120 cypressus
1184 2049 1332 2120 utrumque

286 2133 412 2207 aperitet
426 2131 595 2188 mundificat.
611 2165 645 2172 -
665 2132 766 2206 Piper
780 2134 911 2204 nigrum
926 2134 968 2188 est
982 2132 1086 2189 bonum
1101 2133 1176 2207 epati
1190 2132 1288 2206 frigido
1305 2136 1333 2190 66

286 2219 495 2292 emplastratum
517 2235 600 2292 super
621 2223 763 2292 apostema
784 2219 843 2289 ejus
866 2218 965 2273 durum
980 2218 1086 2275 confert
1099 2218 1273 2275 resolvendo.
1289 2251 1331 2260 —

286 2303 529 2361 Petrosilinum
552 2307 698 2378 utrumque
721 2305 816 2378 aperit.
840 2303 1049 2360 —Paeonia
1072 2308 1217 2378 utrumque
1233 2306 1329 2378 aperit.

284 2421 325 2430 —
347 2389 436 2445 Rosa
458 2391 567 2460 atejus
591 2407 662 2463 aqua
684 2406 749 2465 epar
774 2389 929 2445 confortant
949 2389 1143 2462 infrigidando.
1168 2422 1208 2431 -
1230 2389 1329 2446 Ruta:

284 2477 378 2531 vinum
401 2474 568 2532 decoctionis
591 2478 651 2548 ejus
674 2479 715 2532 est
737 2475 841 2532 bonum
862 2474 1005 2550 hydropisi
1028 2475 1062 2531 de
1084 2475 1183 2548 frigida
1206 2492 1289 2531 causa
1303 2480 1332 2533 66

284 2561 391 2617 confert
425 2561 514 2635 spleni
547 2561 720 2635 deopilando.
756 2594 795 2603 -
829 2560 943 2616 Rubea
969 2563 1151 2618 tinctorum
1183 2564 1331 2635 utrumque

284 2649 372 2721 aperit
401 2650 428 2703 ct
456 2649 565 2721 proprie
592 2664 663 2720 aqua
684 2648 744 2718 ejus
766 2663 832 2720 epar
855 2648 950 2720 aperit,
974 2649 1038 2720 quia
1061 2647 1166 2704 confert
1186 2647 1331 2722 hydropisi

285 2732 319 2788 dc
340 2732 439 2806 frigida
462 2750 545 2789 causa
567 2735 642 2789 etin
665 2733 716 2788 hoc
739 2735 781 2788 cst
803 2734 828 2788 ci
842 2734 994 2807 proprietas
1010 2736 1037 2789 et
1051 2735 1170 2789 maxime
1185 2749 1248 2788 cum
1263 2749 1330 2807 oxy-

283 2817 374 2874 melle.
410 2851 449 2859 -
482 2818 663 2892 Raphauus
689 2822 834 2891 utrumque
864 2820 952 2892 aperit
980 2821 1008 2874 ct
1033 2821 1143 2892 proprie
1165 2835 1237 2892 aqua
1259 2820 1330 2890 ejuS,

286 2903 359 2959 rande
382 2905 488 2960 confert
509 2904 660 2979 hydropisi.
684 2937 724 2945 -
747 2903 909 2960 Reubarb.
934 2904 1040 2960 confert
1061 2906 1135 2979 epati
1157 2907 1185 2960 ct
1200 2907 1332 2960 extenuat

283 2990 416 3063 splenem,
440 2992 505 3063 quia
527 2991 690 3064 aperitivum
713 2992 740 3046 et
759 2989 895 3046 confortat
910 3007 959 3045 sua
974 2991 1145 3063 ponticitate‚
1168 2989 1242 3046 unde
1265 2989 1332 3047 dicit

284 3075 495 3131 Aristoteles
517 3077 545 3130 in
567 3076 637 3133 libro
661 3075 694 3132 de
709 3076 840 3149 regimine
862 3076 1017 3149 principum
1039 3076 1113 3149 quod
1135 3075 1331 3132 reubarbarum

284 3164 327 3216 est
348 3162 404 3216 vita
426 3163 515 3234 epatis
538 3163 609 3217 sicut
628 3162 724 3216 vinum
747 3164 788 3217 est
809 3163 866 3217 vita
889 3161 985 3216 caloris
1009 3165 1036 3218 66
1058 3163 1149 3218 Α616.
1173 3161 1191 3217 1.
1206 3161 1246 3216 III
1269 3178 1329 3236 cap.

286 3246 320 3302 (16
343 3263 407 3301 6666
429 3245 554 3303 dolorum
577 3248 663 3321 epatis
685 3246 803 3302 multum
819 3249 911 3320 ipsum
928 3247 1110 3318 commendat,
1134 3249 1179 3303 cui
1194 3250 1332 3304 consentit

283 3332 454 3388 Johanncs
476 3331 598 3388 116666.
636 3364 669 3372 --
706 3331 841 3406 Squilla
871 3333 997 3407 splenem
1026 3333 1150 3407 deopilat
1171 3336 1199 3389 ct
1220 3335 1330 3407 proprie
1429 3382 1432 3386 Α

283 3421 391 3474 acetum
414 3420 482 3489 ejus
507 3450 547 3457 —
570 3416 789 3491 Squinantum
813 3418 918 3474 confert
940 3420 1014 3492 66661
1036 3418 1221 3475 calefaciendo
1246 3420 1331 3474 resol-

282 3503 373 3559 vendo
397 3506 566 3577 apostemata
588 3505 648 3575 ejus
671 3502 749 3575 dura,
771 3505 838 3559 item
861 3521 927 3578 epar
942 3505 1078 3560 confortat
1093 3521 1144 3560 sua
1158 3505 1329 3578 ponticitate.

283 3623 324 3630 —
347 3588 514 3664 Sparagus
530 3605 596 3663 epar
610 3590 706 3663 aperit.
731 3622 770 3630 —
795 3588 916 3663 Spuma
931 3592 1033 3646 maris
1055 3589 1162 3647 rubea
1183 3593 1330 3664 utrumque

283 3677 379 3749 aperit.
412 3708 453 3716 —
486 3673 685 3749 Serapinum
707 3676 812 3731 confert
835 3677 908 3748 epati
929 3675 1080 3750 hydropico
1111 3692 1210 3748 aquam
1241 3680 1331 3733 extra·

282 3760 383 3817 heudo.
407 3793 447 3803 -
471 3759 721 3835 scolopendria
743 3761 850 3817 confert
875 3761 965 3835 spleni
986 3761 1140 3834 magnifice.
1164 3760 1331 3835 -Spica

282 3846 383 3902 nardi
416 3847 521 3902 confert
553 3849 626 3920 epati
655 3846 840 3903 calefaciendo
871 3847 1050 3904 confortando
1083 3852 1110 3903 ct
1132 3847 1281 3921 aperiendo
1304 3851 1332 3904 66

284 3949 346 3987 cum
367 3934 431 3988 vino
455 3932 561 3989 confert
583 3932 679 4007 spleni.
704 3964 743 3973 —
768 3931 888 3988 Sicula
903 3935 991 4007 aperit
1006 3936 1153 4007 utrumque
1168 3928 1219 3991 sed
1234 3950 1332 4006 parum

283 4019 336 4073 nisi
359 4035 420 4073 cum
442 4022 519 4074 aceto
543 4021 571 4075 et
592 4020 689 4092 sinapi.
725 4050 765 4059 —
798 4017 932 4092 Sinapis
960 4022 1090 4076 extenuat
1121 4019 1254 4092 splenem.
1290 4051 1330 4061 -
