2932 5626
782 429 1012 491 -102-

372 604 498 678 prohibet
519 621 554 660 ne
576 605 690 659 materia
711 603 766 658 alia
786 603 862 660 fluat.
907 603 981 658 Dicit
1001 601 1113 659 Mesu'e'
1135 602 1209 677 quod
1227 602 1423 678 hermodacty-

371 691 415 746 lus
448 689 541 746 educit
565 690 665 762 flegma
690 705 815 761 grossum
845 707 862 745 a
884 690 1021 761 juncturis
1048 692 1076 745 et
1097 693 1139 745 est
1159 688 1298 745 medicina
1318 706 1424 764 magna

372 775 520 832 artheticae
542 778 569 832 et
590 775 728 849 podagrae
750 778 877 849 sumptus
899 778 927 833 et
952 774 1166 849 cataplasmatus
1188 777 1216 831 et
1231 777 1339 850 proprie
1356 792 1423 832 cum

372 861 460 917 farina
482 861 558 917 ordei
579 863 607 917 et
627 861 729 917 vitellis
752 876 867 917 ovorum
882 862 1058 930 commixtum
1081 878 1148 917 usus
1171 862 1232 933 ejus
1253 862 1422 936 impinguat,

372 950 550 1019 augmentum
565 946 649 1003 eflicit
662 948 691 1002 in
706 948 853 1020 spermate,
877 946 1009 1020 abstergit
1030 946 1125 1003 sordes
1146 946 1292 1002 vulnerum
1313 948 1343 1002 in
1358 950 1423 1003 tan-

371 1037 430 1088 tum
452 1032 527 1105 quod
550 1033 687 1089 consumit
709 1048 803 1088 carnes
825 1032 959 1106 putridas.
996 1033 1083 1087 Datur
1101 1032 1135 1088 de
1157 1048 1190 1088 co
1209 1031 1243 1088 ab
1264 1048 1422 1090 aureonno

371 1118 517 1193 usquead
544 1118 627 1189 duos,
655 1121 831 1174 conservatur
856 1135 906 1192 per
928 1118 945 1173 3
969 1134 1065 1186 annea,
1092 1117 1140 1173 sed
1169 1118 1321 1174 secundum
1343 1118 1423 1175 Hali

371 1204 452 1260 datur
462 1197 667 1277 hexagium²⁹⁶)
680 1221 764 1258 unum
776 1202 811 1258 ad
826 1203 889 1277 plus
905 1205 933 1260 et
948 1202 983 1258 ad
998 1205 1089 1259 minus
1104 1204 1232 1276 exagium
1243 1197 1291 1283 ll„
1308 1204 1423 1277 quando

371 1307 421 1365 per
443 1307 472 1346 se
494 1289 584 1365 datur,
607 1289 657 1346 sed
678 1306 742 1344 cum
763 1289 906 1346 medicinis
929 1289 989 1345 aliis
1012 1289 1092 1345 datur
1113 1289 1153 1344 dr.
1171 1291 1196 1344 1.
1234 1288 1270 1345 Et
1288 1291 1422 1362 quoniam

373 1378 455 1432 nocet
476 1375 617 1431 stomacho
639 1376 770 1431 miscetur
793 1391 855 1430 curn
870 1391 903 1431 eo
918 1374 1081 1431 tantundem
1096 1375 1130 1431 de
1146 1374 1281 1431 zinzibere
1297 1378 1324 1431 et
1340 1391 1422 1433 croco

371 1461 406 1516 ad
431 1463 589 1518 nocumenti
615 1461 859 1536 repercussionem.
904 1460 939 1516 Et
967 1463 1097 1534 quoniam
1118 1460 1271 1516 secundum
1292 1459 1366 1517 Ras.
1391 1462 1422 1517 in
1462 1512 1465 1521 .

370 1546 439 1603 libro
465 1546 500 1603 de
529 1564 594 1603 cura
611 1549 803 1618 juncturarum
825 1546 941 1603 destruit
963 1548 1115 1621 appetitum
1137 1546 1307 1617 comedendi,
1331 1546 1422 1603 admi-

371 1636 580 1688 sceantur'cum
602 1634 663 1707 ipso
680 1633 796 1704 anisum,
819 1632 949 1703 zinziber,
973 1633 1073 1688 mastix
1095 1631 1130 1688 ad
1153 1632 1287 1688 stomachi
1309 1632 1421 1690 confor-

369 1719 511 1775 tationem.
535 1751 576 1759 -

779 1932 877 2004 Lapis
899 1930 1005 1986 lazuli

370 2061 412 2115 est
433 2058 503 2133 lapis
524 2058 630 2114 habens
653 2060 682 2114 in
705 2075 734 2115 se
756 2058 878 2114 maculas
901 2075 1006 2130 aureas,
1029 2059 1181 2114 secundum
1197 2059 1289 2115 Avic.
1314 2061 1366 2117 cal.
1390 2064 1422 2118 in

371 2138 412 2214 2⁰,
436 2145 500 2199 sicc.
523 2147 552 2200 in
578 2138 619 2216 1⁰,
646 2145 738 2200 educit
764 2144 975 2200 melancholiam
1002 2147 1029 2200 et
1060 2144 1193 2218 quidquid
1222 2161 1349 2217 grossum
1377 2151 1422 2204 est

370 2231 496 2303 sanguini
519 2231 686 2301 admixtum3
711 2230 811 2285 dantur
832 2230 867 2286 de
891 2246 923 2287 eo
946 2229 1125 2286 drachmae2
1149 2230 1184 2285 ad
1204 2230 1278 2303 plus,
1302 2234 1329 2288 et
1350 2249 1421 2306 quo-

369 2317 443 2371 niam
464 2315 530 2371 facit
551 2333 682 2372 nauseam
704 2315 890 2390 pulverizetur
911 2318 940 2371 et
961 2333 1024 2371 cum
1046 2332 1118 2389 aqua
1132 2315 1286 2371 infunditur
1302 2319 1329 2373 et
1345 2335 1422 2392 aqua

368 2400 416 2456 illa
437 2403 580 2476 projicitur
601 2405 630 2459 et
652 2402 706 2457 alia
727 2403 874 2477 apponitur
896 2404 924 2457 et
944 2402 1087 2475 projicitur
1109 2404 1137 2457 et
1159 2402 1198 2457 sic
1221 2401 1351 2476 deinceps
1373 2407 1420 2461 to-

368 2488 448 2558 tiens,
476 2503 619 2562 quousque
648 2505 719 2562 aqua
740 2487 813 2543 clara
833 2492 913 2544 exeat
935 2488 1034 2544 eliste
1057 2489 1100 2543 est
1120 2489 1255 2543 terminus
1280 2505 1347 2546 suae
1369 2490 1420 2547 ab·

369 2572 490 2629 lutionis
513 2605 555 2614 -

756 2786 861 2860 Lapis*
878 2802 1032 2843 armenus

369 2915 521 2973 secundum
542 2914 655 2972 Mesub
675 2914 834 2990 loquentem
849 2915 1011 2970 auctoritate
1026 2912 1212 2970 Alexandri
1232 2913 1317 2971 habet
1338 2933 1419 2989 prae-

369 3004 519 3075 rogativam
540 3002 567 3056 in
591 3000 734 3057 educendo
750 3001 867 3057 coleram
886 3001 999 3073 nigram.
1041 2999 1108 3070 Ejus
1134 3001 1255 3075 operatio
1278 3002 1421 3059 3311333-

368 3088 468 3144 lumior
489 3086 610 3143 elleboro
636 3088 714 3159 nigro
736 3090 764 3143 et
784 3087 932 3142 virtuosior
951 3085 1043 3159 lapide
1066 3084 1159 3157 lazuli,
1183 3085 1256 3142 unde
1278 3103 1341 3142 cum
1363 3090 1420 3144 vir-

368 3176 427 3230 tute
451 3172 612 3228 mundificat
632 3171 774 3228 cerebrum
796 3189 812 3228 a
834 3171 1025 3242 melancholia,
1048 3188 1131 3244 quare
1154 3171 1260 3228 confert
1280 3172 1418 3247 lentigini,

369 3260 490 3330 maniae,
523 3257 730 3328 melancholiae,
758 3257 845 3314 dolori
871 3258 977 3331 capitis,
1005 3256 1161 3330 epilentiae,
1183 3258 1284 3328 timori,
1311 3257 1418 3333 leprae,

370 3361 477 3416 cancro,
504 3343 652 3417 morpheae
673 3345 767 3415 nigrae
789 3346 817 3399 et
837 3343 960 3400 febribus
984 3342 1201 3412 melancholicis3
1225 3343 1276 3398 cal.
1300 3346 1327 3399 et
1349 3346 1418 3403 sice.

369 3432 461 3487 estin
482 3430 620 3504 principio
642 3428 679 3498 2¹,
706 3445 761 3485 non
786 3430 858 3485 lotus
881 3428 974 3485 educit
999 3444 1048 3503 per
1072 3429 1207 3484 vomitum
1233 3432 1261 3485 et
1282 3432 1417 3504 ventrem,

368 3516 441 3572 lotus
463 3517 547 3572 etiam
568 3514 660 3571 educit
681 3531 730 3590 per
751 3519 875 3571 ventrem
896 3516 955 3570 sine
977 3514 1112 3585 molestia,
1134 3514 1243 3571 lavatur
1264 3519 1357 3571 autem
1380 3519 1418 3573 si-

371 3605 417 3657 cut
437 3601 507 3676 lapis
529 3600 612 3656 lazuli
637 3605 665 3656 et
693 3600 763 3656 dixit
784 3599 964 3656 Alkindus:
999 3601 1021 3656 si
1048 3599 1155 3654 lavatur
1181 3617 1244 3655 curn
1272 3616 1344 3673 aqua
1365 3600 1418 3659 bu-

369 3687 476 3759 glossae
498 3687 646 3760 acquiritur
667 3687 693 3742 ei
719 3688 871 3760 proprietas
897 3685 1038 3741 mirabilis.
1073 3717 1113 3726 -
1147 3686 1228 3742 Dosis
1254 3685 1304 3743 loti
1331 3690 1373 3743 est
1401 3706 1418 3745 a

370 3773 440 3828 dr.l
464 3788 553 3847 usque
575 3771 610 3827 ad
632 3771 672 3827 dr.
691 3771 719 3843 2,
747 3789 802 3828 non
824 3771 874 3828 loti
896 3788 983 3845 usque
1006 3770 1041 3826 ad
1063 3771 1103 3827 dr.
1120 3765 1170 3851 723
1193 3771 1239 3826 hic
1262 3771 1332 3846 lapis
1355 3789 1417 3831 sus-

369 3858 440 3914 tinet
459 3859 550 3914 minus
571 3858 772 3913 triturationem
794 3873 877 3931 quam
898 3857 968 3931 lapis
990 3856 1081 3913 lazuli.
1106 3888 1145 3897 -
