2932 5626
645 389 931 488 >ss-

298 617 423 676 pannum
445 602 503 656 sine
526 599 737 669 mordicatione;
760 601 906 657 marcasita
920 600 990 657 bene
1008 601 1124 657 contrita
1144 602 1173 656 et
1192 618 1255 656 cum
1274 603 1351 656 aceto

301 688 389 742 mixta
411 686 518 742 confert
531 686 690 760 morpheae,
713 686 834 742 albarras
849 689 878 742 et
891 687 1027 760 lentigini,
1044 686 1092 742 sed
1108 687 1203 742 sinon
1218 686 1266 742 liat
1279 686 1352 742 bona

301 773 427 829 contritio
455 789 511 828 non
538 775 654 846 apparet
679 774 739 844 ejus
760 774 968 845 juvamentum3
998 771 1155 846 nenuphar:
1182 772 1262 828 radix
1290 773 1351 844 ejus

303 875 365 914 oum
388 874 460 931 aqua
486 860 661 932 superposita
689 857 837 932 morpheae
860 857 966 914 confert
987 861 1015 914 et
1035 859 1144 932 proprie
1164 860 1285 931 nigrum,
1310 860 1353 913 est

303 946 376 999 enim
399 942 568 999 subtiliativa
589 943 683 1012 valde3
712 960 789 999 ossa:
814 943 959 1000 calcaneus
984 945 1062 1019 porci
1087 943 1183 999 hnitus
1206 960 1289 1017 super
1312 943 1351 998 al-

299 1030 393 1086 barras
416 1028 524 1085 confert
545 1032 576 1084 nt
597 1029 709 1098 dicitur3
733 1031 826 1085 omnia
846 1031 918 1086 enim
934 1046 997 1086 ossa
1012 1031 1152 1086 exsiccant
1167 1046 1229 1085 cum
1247 1028 1352 1085 resolu-

300 1117 388 1184 tione3
412 1117 549 1171 ostracum
572 1115 702 1171 adustum
724 1115 830 1172 confert
852 1115 1001 1188 morpheae
1023 1115 1218 1187 abstergend03
1247 1131 1350 1188 pruna:

302 1203 362 1273 ejus
384 1217 496 1273 gomma
517 1217 580 1256 cum
603 1204 680 1257 aceto
703 1204 731 1257 et
759 1201 840 1258 melle
868 1201 974 1257 confert
998 1202 1154 1274 impetigini
1185 1200 1352 1256 subtiliando
1447 1259 1453 1270 Ι

301 1290 329 1343 θῖ
349 1286 509 1355 incidend03
533 1287 675 1360 portulaca
702 1286 808 1344 confert
833 1288 955 1343 verrucis
981 1303 1037 1342 non
1066 1303 1116 1342 sua
1143 1286 1275 1360 qualitate
1303 1285 1353 1342 sed

302 1389 352 1428 sua
373 1373 552 1447 proprietate;
584 1374 696 1445 sanguis
723 1372 825 1447 leporis
853 1374 1043 1447 superpositus
1069 1371 1216 1445 morpheae
1247 1372 1354 1428 confert

302 1457 427 1514 similiter
448 1461 476 1514 et
497 1473 600 1530 pann03
624 1459 704 1513 urina
720 1458 852 1531 abstergit
867 1458 1036 1532 morpheam,
1071 1458 1105 1513 Et
1120 1458 1262 1514 sciendum
1278 1456 1353 1531 quod

302 1543 423 1600 albarras
446 1546 489 1598 θεῖ
510 1545 602 1616 passio
624 1545 653 1598 iu
677 1547 738 1600 cute
761 1548 789 1600 et
811 1561 891 1600 carne
913 1560 1001 1618 usque
1024 1543 1060 1598 ad
1082 1560 1113 1599 os
1135 1547 1162 1600 et
1185 1547 1227 1600 est
1248 1543 1352 1599 scabio-

302 1631 368 1684 sitas
385 1631 455 1684 cutis
478 1645 576 1703 aspera
597 1633 625 1685 et
646 1629 799 1686 vehemens
822 1632 850 1685 et
870 1630 975 1685 faciens
998 1646 1126 1703 squamas
1143 1631 1214 1685 sicut
1236 1630 1354 1703 piscium

303 1732 365 1770 com
387 1716 509 1789 pruritu,
537 1719 565 1770 θῖ
587 1716 625 1770 sic
648 1718 761 1789 propter
782 1716 926 1771 humorem
948 1715 1148 1772 melancholiae
1169 1714 1311 1772 imbibitur
1325 1716 1354 1770 in

303 1803 365 1856 oute
380 1803 408 1856 et
431 1799 505 1874 quod
527 1803 570 1855 θεῖ
589 1803 671 1872 juxta
693 1816 754 1857 eam
775 1801 947 1857 imbibitione
969 1801 1034 1856 forti
1048 1803 1087 1856 ita
1102 1801 1176 1875 quod
1192 1818 1248 1856 non
1264 1800 1351 1856 solum

304 1886 436 1942 defendat
458 1884 577 1941 colorem
601 1888 673 1941 sicut
693 1886 760 1942 facit
782 1886 967 1942 melancholia
988 1886 1092 1943 faciens
1111 1886 1281 1960 morpheam,
1305 1885 1352 1942 sed

305 1973 453 2044 corrumpit
475 1971 695 2044 complexionem
718 1975 745 2027 et
767 1974 897 2027 virtutem
920 1972 1127 2028 assimilativam
1155 1989 1205 2028 sua
1227 1972 1352 2046 grossitie

304 2061 332 2113 θῖ
353 2057 510 2112 vehementi
531 2059 720 2130 penetratione
750 2060 777 2113 et
800 2057 925 2113 debilitat
947 2059 1139 2132 expulsionem
1162 2060 1227 2131 quia
1240 2057 1353 2112 materia

303 2143 396 2216 figitur
417 2144 446 2197 in
473 2142 596 2198 membro
623 2147 651 2198 et
676 2158 732 2197 uon
760 2143 908 2217 expellitur
934 2146 962 2200 et
988 2147 1030 2200 est
1056 2144 1222 2200 antecedens
1249 2143 1352 2216 lepram

305 2232 332 2284 et
354 2230 467 2301 antiqua
489 2245 545 2284 non
568 2231 681 2284 sanatur
703 2227 819 2284 ethaeo
846 2232 910 2285 sunt
935 2246 1001 2285 vera
1026 2231 1145 2285 maxime
1173 2229 1207 2285 de
1234 2229 1353 2284 albarras

305 2316 390 2386 nigra.
422 2313 457 2368 ut
475 2316 541 2368 nota
563 2313 638 2387 quod
659 2313 791 2388 morphea
812 2319 840 2371 et
861 2313 982 2370 albarras
1005 2315 1084 2370 albae
1105 2316 1171 2370 satis
1187 2315 1354 2371 conveniunt

304 2402 332 2455 in
356 2401 447 2455 colore
462 2401 526 2472 quia
548 2402 664 2473 utraque
687 2402 730 2456 est
752 2399 823 2471 alba,
847 2400 979 2456 differunt
992 2403 1085 2456 tamen
1102 2403 1165 2474 quia
1180 2402 1208 2455 in
1224 2399 1354 2472 morphea

304 2485 368 2541 alba
391 2488 456 2541 sunt
476 2484 526 2559 pili
546 2484 694 2560 aliquando
717 2487 801 2558 nigri,
829 2485 976 2560 aliquando
999 2486 1073 2557 flavi,
1096 2488 1124 2542 in
1147 2486 1267 2542 albarras
1290 2487 1355 2540 sunt

305 2587 415 2644 semper
437 2569 508 2640 albi;
535 2571 601 2626 item
627 2573 656 2626 in
678 2570 798 2627 albarras
821 2575 864 2626 θεῖ
890 2574 960 2627 cutis
987 2574 1073 2645 magis
1101 2572 1243 2646 depressa,
1271 2587 1354 2643 quam

306 2658 376 2711 cutis
398 2658 484 2712 totius
505 2658 635 2731 corporis,
659 2656 734 2731 quod
756 2674 811 2713 non
833 2657 866 2712 fit
886 2658 914 2712 in
934 2658 1066 2731 morphea
1080 2659 1134 2713 nisi
1148 2675 1246 2732 parum
1260 2656 1354 2724 valde;

305 2743 373 2798 item
396 2744 419 2798 si
441 2745 582 2816 pungatur
603 2742 680 2798 locus
702 2742 878 2817 morpheatus
900 2745 958 2799 exit
972 2745 1093 2816 sanguis,
1116 2745 1144 2798 in
1165 2742 1285 2799 albarras
1301 2743 1357 2797 exit

304 2827 456 2884 humiditas
479 2843 595 2901 aquosa;
617 2829 684 2884 item
705 2829 734 2883 in
757 2828 889 2902 morphea
911 2829 988 2885 locus
1010 2829 1187 2901 morpheatus
1208 2828 1289 2884 rubet
1308 2844 1357 2900 per

305 2913 479 2970 fricationem
502 2913 576 2987 quod
598 2931 653 2970 non
675 2914 707 2969 fit
727 2916 756 2970 in
779 2914 909 2970 albarras.
955 2914 1023 2970 ltem
1046 2915 1190 2970 sciendum
1213 2913 1286 2987 quod
1302 2912 1355 2967 dif-

305 2998 359 3055 fert
380 2998 475 3056 barras
497 3000 576 3072 nigra
597 3016 614 3054 a
635 2999 768 3074 morphea
789 3001 877 3073 nigra,
901 3001 966 3074 quia
987 3002 1016 3055 in
1030 2999 1124 3055 barras
1140 3003 1182 3056 est
1197 3000 1355 3068 excoriatio,

305 3087 489 3158 squamositas
516 3087 544 3140 et
570 3087 725 3156 testositas‚
756 3085 829 3159 quod
852 3102 907 3141 non
932 3089 973 3141 est
998 3087 1026 3140 in
1049 3085 1181 3159 morphea
1202 3087 1288 3157 nigra.
1323 3084 1358 3138 Et

305 3174 381 3240 nota,
405 3170 479 3245 quod
501 3171 530 3225 in
552 3173 667 3244 utraque
690 3187 727 3227 se.
752 3170 883 3246 morphea
905 3174 933 3227 et
952 3170 1047 3228 barras
1069 3173 1146 3244 nigra
1167 3173 1269 3244 quanto
1285 3171 1355 3224 cutis

304 3256 415 3312 mollior
436 3258 513 3312 tanto
535 3255 632 3327 leuior,
648 3258 713 3330 quia
734 3258 824 3330 signat
847 3258 1028 3330 corruptionis
1051 3258 1175 3312 materiei
1197 3256 1356 3311 diminutio-

304 3358 385 3413 nem,
414 3344 443 3398 in
471 3344 586 3415 utraque
613 3341 676 3397 alba
700 3345 803 3416 quanto
835 3343 923 3398 levior
942 3346 1030 3419 ⁸tanto
1057 3343 1177 3399 deterior
1203 3341 1357 3397 secundum

303 3426 398 3484 Avic.
423 3428 472 3499 IV,
496 3429 561 3500 quia
583 3428 674 3501 signat
695 3429 805 3484 virtutis
827 3428 988 3502 expulsivae
1011 3427 1190 3485 debilitatem.
1219 3460 1260 3467 —
1285 3426 1357 3481 Istae

303 3515 452 3586 passiones
475 3517 605 3568 curantur
627 3531 689 3568 oum
710 3514 868 3570 flebotomia
890 3516 914 3570 si
940 3516 1052 3588 sanguis
1078 3513 1200 3570 abundat
1226 3516 1358 3568 autenm

306 3603 490 3656 evacuatione
512 3598 711 3655 melancholiae
734 3600 807 3655 dicta
828 3601 856 3655 iu
880 3599 971 3656 areola
992 3599 1169 3673 praecedenti
1191 3599 1272 3655 etde
1295 3615 1358 3654 eva-

308 3687 454 3743 cuantibus
482 3684 645 3741 sumeibus
672 3688 715 3742 est
744 3702 814 3759 aqua
841 3687 915 3742 casei
947 3702 1009 3740 cum
1041 3685 1173 3759 epithimo
1205 3682 1357 3740 secundum

308 3771 400 3827 hvic.
424 3771 461 3827 lV
493 3770 613 3845 capitulo
642 3773 708 3841 isto;
746 3774 844 3828 venter
875 3788 994 3846 namque
1032 3770 1126 3826 multis
1156 3770 1263 3826 vicibus
1295 3786 1359 3824 cum

309 3857 423 3930 epitimo
450 3873 506 3911 nou
532 3859 575 3911 est
605 3857 754 3913 solvendus
785 3856 937 3913 seeundum
963 3856 1036 3912 Ras.
1061 3856 1085 3911 V
1112 3856 1186 3911 Alm.
1211 3872 1271 3928 cap.
1295 3855 1356 3909 isto.

309 3942 377 3998 ltem
410 3942 439 3997 in
471 3943 563 4017 granis
596 3942 634 3998 nil
661 3945 679 3999 i.
700 3959 724 4000 θ.
751 3943 781 3999 in
811 3942 950 3999 carthamo
977 3941 1045 3999 indo
1073 3944 1116 3998 est
1144 3943 1298 4016 proprietas
1332 3941 1360 3996 in
