2932 5626
631 572 672 580 ..
718 534 757 598 12
800 571 841 580 -

209 727 316 782 recens,
338 710 458 768 zinziber
471 713 584 786 propter
597 710 799 782 humiditatem,
822 727 917 767 semen
934 727 1041 782 erucae,
1062 710 1184 782 mentha,
1205 711 1261 784 spi-

211 790 369 872 nachea³³),
394 796 497 870 (hvic.
513 796 551 853 Ill
574 814 635 873 cap.
659 797 694 855 de
717 797 778 855 cibo
798 795 928 870 dolicae);
951 813 1046 854 omnes
1068 797 1174 852 huntus
1196 799 1261 853 sunt

211 884 339 959 vaporosi
358 885 386 940 et
400 884 440 940 sie
454 883 553 941 inflant
572 882 677 958 (Avic.
693 882 732 953 IV
748 899 808 958 cap.
826 881 860 939 de
876 883 962 956 signis
978 883 1112 939 stomachi
1127 881 1202 957 eta).
1219 912 1258 926 —-

560 1053 725 1112 Medicina
751 1054 907 1111 lenitiva:

292 1182 349 1239 lsta
370 1182 507 1240 medicina
521 1181 674 1240 secundum
696 1183 789 1239 hvic.
814 1183 940 1239 calefacit
962 1198 1025 1238 cum
1043 1184 1260 1258 temperamento

208 1269 247 1323 ita
262 1268 335 1342 quod
358 1285 393 1325 ex
408 1270 565 1344 operatione
585 1285 635 1325 sua
649 1286 705 1326 non
720 1268 838 1324 multum
851 1268 963 1325 resolvit
985 1270 1013 1325 et
1034 1271 1076 1325 est
1098 1270 1158 1341 ejus
1181 1269 1259 1324 sicci-

208 1358 251 1410 tas
273 1354 395 1428 aequalis
418 1371 483 1411 suae
506 1354 652 1425 caliditati,
675 1353 725 1411 sed
747 1352 900 1410 secundum
923 1353 991 1410 Gal.
1008 1348 1048 1410 V⁰
1069 1353 1161 1428 simpl.
1185 1352 1258 1412 med.

208 1456 268 1514 cap.
287 1439 303 1496 7
327 1440 395 1497 haec
416 1440 555 1497 medicina
577 1457 659 1513 quam
681 1443 763 1496 vocat
787 1439 971 1496 rarificantem
994 1442 1037 1495 est
1059 1438 1172 1496 calidior
1194 1439 1259 1496 cali-

209 1525 295 1583 ditate
320 1525 436 1582 membri
460 1528 500 1582 ita
527 1525 602 1598 quod
629 1525 755 1582 accendit
779 1526 809 1581 in
837 1524 960 1582 membro
987 1524 1155 1582 caliditatem
1178 1541 1261 1599 super

209 1611 376 1668 caliditatem
397 1611 514 1670 membri
535 1615 563 1668 et
583 1611 698 1668 resolvit
720 1610 825 1685 aliquid
847 1611 882 1668 de
903 1610 1069 1668 humiditate
1090 1627 1146 1668 non
1167 1614 1261 1667 tamen

207 1698 237 1752 in
259 1699 366 1753 tantum
388 1700 419 1753 ut
445 1697 563 1753 attrahat
589 1696 690 1754 subtile
717 1699 745 1753 et
768 1696 911 1754 residuum
933 1697 1054 1753 exsiccet
1075 1699 1103 1753 et
1124 1696 1261 1753 medicina

209 1786 252 1839 est
272 1786 441 1858 temperatae
463 1783 609 1839 caliditatis
632 1800 694 1839 oum
716 1799 805 1856 pauca
826 1781 1010 1839 desiccatione
1032 1785 1060 1839 et
1082 1781 1261 1839 estoalidior

209 1885 292 1941 qnam
307 1868 444 1925 medicina
459 1870 624 1924 maturativa
629 1889 636 1938 3
660 1871 703 1924 est
717 1884 782 1940 ergo
797 1866 912 1924 lenitiva
931 1869 997 1942 quia
1010 1868 1078 1925 lenit
1100 1870 1128 1925 et
1142 1867 1261 1924 remollit

208 1954 362 2010 membrum
378 1953 478 2011 durum
493 1954 543 2011 sed
558 1969 614 2010 non
629 1952 773 2028 quodlibet
789 1953 897 2024 durum,
922 1955 986 2027 quia
1001 1952 1101 2008 durum
1116 1956 1158 2010 est
1172 1954 1260 2010 tribus

208 2040 298 2096 modis
320 2044 370 2096 aut
391 2041 455 2113 qnia
470 2042 574 2096 siceum
596 2042 627 2096 ut
646 2040 719 2114 lapis
741 2041 789 2095 aut
808 2040 873 2112 quia
886 2043 997 2096 tensum
1018 2042 1050 2095 ut
1063 2040 1156 2095 vesica
1177 2038 1261 2113 pleno

204 2128 291 2183 uento
314 2129 362 2181 aut
384 2127 449 2199 quia
463 2125 641 2199 congelatum·
660 2129 691 2181 ut
710 2124 811 2197 glacies
834 2128 863 2181 et
883 2124 948 2181 huie
962 2124 1060 2182 ultimo
1076 2124 1181 2181 confert
1203 2142 1260 2181 me-

208 2210 300 2267 dicina
315 2211 429 2268 lenitiva
444 2215 472 2268 et
486 2212 605 2268 maxime
618 2209 728 2284 quando
744 2209 893 2267 humiditas
908 2213 951 2267 est
965 2211 994 2267 in
1005 2210 1127 2267 membro
1140 2213 1261 2266 coartata

208 2297 316 2353 etfacit
332 2296 386 2354 duo
402 2313 499 2371 opera:
524 2291 567 2370 1⁰)
583 2297 647 2370 quia
662 2295 789 2352 dissolvit
804 2295 878 2369 quod
894 2298 936 2353 est
951 2295 1125 2369 congelatum
1148 2291 1181 2352 2⁰
1196 2297 1261 2369 quia

206 2383 320 2439 resolvit
334 2381 408 2456 quod
423 2385 466 2439 est
480 2382 645 2439 dissolutum
661 2397 718 2438 non
728 2384 821 2438 tamen
834 2381 924 2438 subito
940 2381 989 2438 sed
1000 2384 1107 2455 partem
1119 2384 1182 2456 post
1197 2399 1261 2456 par-

207 2471 275 2537 tem3
292 2467 391 2524 durum
405 2472 518 2543 propter
528 2469 738 2525 exsiccationem
753 2468 830 2523 curat
841 2467 1019 2538 humectatio,
1036 2466 1135 2522 durum
1147 2470 1261 2542 propter

207 2553 389 2628 repletionem
404 2557 481 2610 curat
499 2555 652 2611 evacuatio.
691 2552 746 2609 Sed
767 2542 834 2608 nota
849 2552 923 2626 quod
944 2553 998 2608 tria
1013 2555 1149 2609 evacuant
1163 2554 1192 2608 in
1205 2554 1259 2609 isto

208 2656 274 2696 casu
290 2656 327 2696 se.
348 2634 392 2714 1⁰)
406 2639 536 2713 frigidum
550 2637 760 2714 repercutiendo
777 2641 824 2694 aut
838 2637 999 2712 repellendo
1014 2639 1157 2694 materiam
1172 2638 1260 2695 tluen-

208 2729 265 2782 tem
277 2728 325 2781 aut
336 2724 456 2782 calidum
468 2727 512 2782 cui
524 2725 704 2782 contrariatur
714 2723 875 2799 repellendo
888 2740 950 2779 cum
963 2739 1018 2798 quo
1030 2724 1092 2780 tluit
1101 2723 1259 2780 humiditas.
1294 2782 1296 2787 ,

210 2806 255 2885 2⁰)
270 2813 386 2868 evacuat
400 2811 529 2882 calidum,
551 2811 616 2885 quia
629 2809 822 2866 humiditatem
838 2809 963 2866 calefacit
977 2813 1005 2866 et
1019 2810 1098 2883 ponit
1112 2809 1197 2884 (eam)
1212 2826 1260 2865 va-

208 2913 312 2971 porem.
352 2891 398 2972 3⁰)
418 2898 560 2954 exsiccans
575 2898 691 2953 evacuat
706 2899 753 2952 aut
770 2897 834 2969 quia
849 2897 970 2952 exsiccat
986 2897 1128 2951 materiam
1142 2896 1171 2952 in
1186 2896 1260 2970 poris
1303 2932 1308 2943 ·

208 2983 373 3039 existentem
388 2986 436 3038 aut
451 2984 516 3056 quia
529 2981 643 3039 resolvit
664 2984 691 3038 et
710 2980 809 3037 alterat
823 2982 912 3038 totum
925 2980 1079 3037 membrum
1099 2984 1127 3038 et
1142 2982 1182 3037 sie
1198 2998 1260 3036 cum

208 3068 260 3124 hoo
274 3067 419 3124 humidum
431 3068 600 3143 superfluum
611 3066 765 3125 resolvitur.
794 3065 929 3141 Exempla
943 3068 1023 3122 istius
1039 3069 1115 3122 sunt:
1129 3067 1259 3140 squinan-

208 3147 323 3229 tum²⁸),
336 3146 473 3228 storax⁵⁹)
483 3149 579 3232 (valde
590 3156 619 3210 et
628 3155 748 3208 maturat
759 3156 787 3209 et
796 3151 867 3208 hanc
878 3153 1139 3209 vocatAvioenna
1149 3147 1258 3230 lubae),

209 3239 360 3314 spinaohia,
383 3241 486 3310 viscus,
510 3241 598 3295 cassia
615 3238 718 3310 fistula,
742 3239 822 3309 cicer,
845 3237 1058 3311 foenugraeoum
1080 3232 1124 3314 (et
1138 3233 1260 3316 digerit),

208 3325 298 3381 furfur
305 3318 342 3399 ⁶⁰)
353 3321 396 3404 (et
408 3319 562 3401 abstergit),
575 3340 661 3397 grana
672 3324 731 3397 pini
741 3318 785 3400 (et
794 3318 956 3401 maturant),
968 3341 1045 3379 mum
1054 3316 1092 3400 ³⁴)
1103 3324 1121 3379 i.
1131 3340 1155 3380 e.
1166 3324 1260 3380 sordes

209 3410 324 3468 alvearis
339 3406 435 3489 (valde
447 3413 474 3467 et
486 3404 633 3487 subtiliat),
650 3409 777 3466 sebesten
786 3403 835 3486 ⁶¹),
851 3425 926 3465 rasas
939 3409 956 3464 i.
970 3425 994 3465 θ.
1008 3402 1183 3486 stagnum⁶²)
1198 3426 1260 3464 cum

209 3497 396 3554 subtiliatione
418 3498 445 3553 et
466 3497 644 3567 resolutione,
668 3498 696 3551 et
715 3496 835 3551 maxime
857 3493 968 3568 quando
983 3493 1116 3565 aduritur,
1140 3495 1259 3569 myrrha,

132 3573 135 3581 ’
208 3582 352 3652 bdellium,
364 3581 429 3654 mel,
442 3582 653 3652 ammoniacum,
665 3579 788 3637 medulla
800 3582 885 3636 cruris
897 3581 980 3651 cervi,
992 3578 1115 3636 medulla
1128 3581 1211 3636 cruris
1220 3581 1260 3636 vi·

209 3669 271 3740 tuli,
288 3668 373 3744 adeps
386 3684 493 3743 caprae,
510 3671 538 3724 et
551 3667 620 3723 haec
632 3666 728 3723 ultima
742 3667 821 3741 ponit
835 3665 902 3722 Gal.
915 3660 956 3722 V⁰
971 3665 1062 3740 simpl.
1075 3666 1146 3722 med.
1160 3682 1219 3740 cap.
1231 3665 1259 3722 3.

522 3838 570 3895 De
591 3837 758 3894 medicina
778 3836 944 3892 lavativa:

293 3966 376 4024 Istius
395 3967 547 4024 medicinae
561 3965 717 4043 proprietas
739 3968 782 4023 est
803 3981 884 4039 agere
905 3964 992 4038 magis
1014 3965 1116 4021 virtute
1138 3966 1260 4039 patiente
1378 3960 1381 3967 '

212 4070 294 4128 quarn
316 4056 413 4127 agente
435 4056 464 4111 et
486 4069 556 4110 voco
579 4053 708 4110 virtutem
729 4052 877 4127 patientem
900 4049 1092 4108 humiditatem
1114 4051 1179 4124 qnia
1200 4066 1259 4107 mo-
