2932 5626
713 429 942 493 -116-

310 606 338 660 et
358 606 476 677 ponatur
497 603 629 674 multum,
657 604 680 658 si
703 606 794 660 autem
816 619 931 676 paucas,
959 619 1068 677 parum3
1099 602 1176 660 verbi
1198 604 1295 677 gratia:
1330 604 1355 659 si

308 689 401 762 aliqua
426 689 563 746 medicina
589 690 624 745 sit
651 688 749 746 debilis
775 690 884 745 virtutis
907 691 1070 760 juvamenta
1092 688 1196 745 habens
1218 689 1305 745 multa
1327 692 1354 745 ct

308 773 412 830 nobilia
426 778 453 831 et
467 776 578 849 propria
592 776 651 846 ejus
665 775 779 831 intentio
796 777 847 846 est,
863 777 894 830 ut
905 777 967 848 agat
981 776 1009 830 in
1022 777 1113 848 partes
1128 777 1256 846 remotas,
1269 791 1353 831 nocu-

307 863 401 916 mento
417 877 521 931 carens,
538 860 645 915 nullum
659 860 762 917 habens
777 861 970 934 incomposito
986 862 1150 916 contrarium
1165 877 1353 934 corrumpens,

308 945 343 1002 de
365 963 398 1002 ea
418 946 499 1003 valde
522 946 637 1002 multum
653 949 695 1003 θεῖ
709 946 867 1021 ponendum
888 949 915 1001 ct
937 947 976 1001 sic
999 946 1152 1002 secundum
1174 946 1248 1019 quod
1269 946 1353 1002 habet

306 1033 374 1088 istas
390 1048 487 1088 causas
502 1033 645 1105 pauciores
660 1031 695 1088 de
710 1048 744 1088 ea
764 1033 855 1087 nunus
878 1034 920 1088 est
940 1031 1110 1106 ponendum.
1146 1031 1231 1088 Verbi
1252 1034 1351 1105 gratia:

306 1117 355 1173 illa
368 1118 507 1173 medicina
521 1134 592 1190 quac
613 1120 655 1173 est
669 1117 746 1173 fortis
769 1119 877 1173 virtutis
900 1119 927 1173 θῖ
949 1119 1115 1191 operationis
1137 1133 1226 1190 pauca
1247 1116 1352 1173 babens

305 1204 467 1274 juvamenta
488 1219 543 1258 non
565 1201 668 1259 nobilia
689 1219 779 1276 neque
801 1204 911 1277 propria
931 1204 960 1258 in
983 1204 1139 1277 proximum
1161 1219 1244 1277 agens
1266 1220 1352 1259 mem-

305 1288 385 1344 brum
407 1288 511 1344 habens
534 1288 645 1362 aliquod
667 1292 862 1344 nocumentum
885 1288 937 1344 sibi
959 1289 1120 1359 admixtum,
1144 1289 1178 1344 dc
1200 1305 1233 1344 ea
1254 1306 1352 1363 parum

306 1377 349 1430 est
370 1374 542 1448 ponendum,
573 1377 600 1430 et
626 1391 676 1448 per
696 1375 777 1430 istam
800 1376 873 1429 viam
895 1373 930 1429 de
952 1375 1015 1448 opio
1036 1375 1066 1429 in
1087 1374 1231 1430 medicinis
1253 1391 1351 1448 parum

305 1461 432 1533 ponitur,
467 1462 496 1516 θῖ
522 1461 545 1515 si
572 1461 608 1516 sit
631 1459 710 1516 fortis
732 1461 841 1515 virtutis
863 1459 967 1516 habens
986 1461 1179 1530 juvamentum
1199 1461 1350 1535 proprium,

307 1547 400 1602 tamen
434 1546 468 1602 de
501 1561 534 1602 ea
562 1548 604 1601 cst
630 1562 727 1619 parum
752 1544 911 1619 ponendum
937 1547 965 1601 et
989 1548 1102 1619 propter
1123 1545 1176 1601 boc
1199 1545 1233 1602 de
1255 1562 1350 1602 musco

305 1632 333 1686 in
366 1631 510 1687 medicinis
544 1631 675 1687 cardiacis
708 1647 805 1705 parum
836 1632 947 1705 ponitur
979 1634 1007 1687 et
1036 1632 1135 1688 iterum
1161 1635 1273 1705 propter
1298 1631 1350 1687 hoc

305 1715 405 1791 (quod)
427 1718 454 1772 in
471 1717 532 1772 aliis
553 1717 781 1791 componentibus
804 1718 864 1788 ejus
885 1717 1036 1791 proprietas
1058 1717 1192 1791 reperitur
1213 1716 1257 1791 (F.
1275 1716 1349 1774 245:

304 1802 429 1877 regitur),
453 1804 524 1858 sicut
537 1803 565 1857 in
582 1802 685 1873 ambra,
709 1803 870 1875 margaritis
895 1818 960 1857 auro
976 1805 1003 1858 et
1022 1801 1167 1858 similibus,
1206 1802 1235 1858 si
1258 1805 1350 1859 autem

305 1891 347 1943 est
361 1888 439 1943 fortis
454 1889 562 1943 virtutis
575 1889 737 1959 juvamenta
755 1887 859 1944 habens
878 1888 966 1943 multa
984 1887 1087 1943 nobilia
1108 1904 1192 1961 agens
1214 1889 1243 1943 in
1264 1904 1350 1944 mem·

303 1972 384 2029 brum
398 1973 587 2046 longinquum,
602 1975 695 2029 tamen
711 1972 745 2029 de
761 1990 793 2030 ea
807 1977 959 2047 temperate
975 1977 1018 2030 θεῖ
1031 1974 1202 2047 ponendum;
1224 1975 1349 2046 quamvis

304 2059 378 2114 enim
392 2062 447 2114 tres
462 2059 575 2114 ultimae
591 2059 761 2116 conditiones
777 2059 892 2115 multam
907 2059 941 2115 de
956 2075 990 2115 ea
1003 2061 1144 2132 requirant
1158 2061 1348 2133 quantitatem,

302 2146 391 2218 prima
404 2147 497 2200 tamen
517 2144 641 2200 condicio
660 2146 774 2218 requirit
796 2146 963 2218 paucitatem
984 2149 1015 2200 ut
1037 2146 1131 2201 sensui
1152 2148 1235 2219 patet,
1259 2148 1287 2200 et
1307 2145 1350 2201 id-

304 2231 375 2286 circo
390 2229 488 2286 exhoc
503 2230 599 2301 multo,
623 2247 657 2286 cx
679 2229 731 2286 hoc
752 2246 840 2304 pauco
861 2232 1044 2305 temperantia
1065 2231 1244 2304 appositionis
1267 2247 1349 2304 gene-

303 2318 390 2387 ratur,
425 2319 453 2372 θῖ
479 2317 502 2372 si
524 2333 587 2371 cum
607 2315 661 2371 hoc
683 2332 738 2371 non
759 2315 860 2373 habeat
881 2316 1044 2372 medicinam
1067 2315 1183 2372 similem
1207 2315 1249 2390 (F.
1264 2315 1347 2371 245:

303 2397 471 2480 simplicem)
493 2402 522 2457 in
545 2402 697 2475 composito
718 2401 782 2475 plus
804 2401 839 2458 de
865 2419 898 2458 ea
920 2405 963 2458 θεῖ
984 2402 1151 2476 ponendum.
1201 2400 1230 2457 Si
1257 2405 1349 2457 autem

303 2489 345 2543 est
360 2487 458 2544 debilis
473 2488 581 2542 virtutis
597 2491 624 2543 et
639 2486 739 2542 habeat
761 2487 867 2560 aliquas
890 2487 1065 2543 condiciones
1087 2486 1122 2542 ad
1144 2487 1348 2543 multitudinem

302 2572 434 2630 iacientes
458 2572 492 2628 dc
514 2589 547 2628 ea
567 2573 686 2629 multum
708 2575 750 2629 est
771 2573 939 2646 ponendum.
987 2572 1029 2628 Ex
1051 2572 1095 2629 his
1117 2576 1197 2646 potes
1220 2572 1347 2646 colligere

303 2659 401 2731 quodsi
431 2659 487 2714 sint
517 2661 647 2730 quattuor
679 2658 817 2732 simplices
844 2660 873 2714 in
895 2675 1008 2733 corpore
1030 2658 1180 2732 aequaliter
1203 2662 1347 2732 operantes

302 2743 398 2800 eodem
413 2743 536 2818 pondere
551 2746 744 2800 mensurantur
766 2743 809 2818 (F.
824 2744 884 2801 245
898 2765 904 2799 :
916 2743 1128 2819 ponderentur);
1152 2743 1228 2800 verbi
1247 2746 1346 2817 gratia:

302 2832 333 2885 ut
359 2831 470 2885 seminis
497 2829 640 2899 foeniculi,
668 2831 742 2886 aneti
770 2833 798 2886 ot
818 2831 929 2900 similia3
957 2831 981 2886 si
1004 2833 1096 2886 autem
1118 2831 1173 2886 sint
1194 2829 1347 2903 inaequalis

300 2916 410 2971 virtutis
432 2918 460 2971 ct
482 2916 662 2989 operationiS,
685 2916 868 2988 inaequaliter
889 2918 931 2972 est
953 2915 1125 2990 ponendum;
1148 2916 1225 2972 verbi
1247 2917 1345 2988 gratia:

301 3001 325 3056 si
346 3001 429 3057 velim
459 3017 576 3074 purgare
597 3002 704 3056 nnciam
729 3002 834 3058 colerae
856 3003 913 3058 sive
936 2999 988 3075 (et)
1011 3003 1120 3056 unciam
1142 3001 1277 3073 flegmatis
1298 3018 1348 3075 per

301 3086 464 3142 medicinam
480 3088 658 3160 compositam
675 3103 710 3142 cx
724 3087 784 3142 aloii
800 3090 828 3143 ct
842 3103 996 3158 scamonea,
1019 3087 1081 3160 plus
1105 3086 1139 3143 de
1162 3086 1232 3157 aloe,
1256 3087 1347 3142 minus

300 3170 335 3228 de
351 3188 497 3229 scamonea
512 3175 555 3228 θεῖ
565 3172 725 3246 ponendum
739 3176 852 3247 propter
866 3173 941 3229 aloes
957 3171 1126 3229 debilitatem
1142 3176 1170 3230 θῖ
1184 3187 1346 3228 scamoneac

299 3257 489 3315 fortitudinem
524 3257 567 3312 Ex
582 3257 663 3314 dictis
678 3260 746 3315 satis
761 3261 838 3331 patet
852 3258 950 3315 modus
966 3258 1149 3333 componendi
1171 3257 1345 3315 universalis,

321 3473 394 3547 Gap.
410 3472 457 3528 ΙΙΙ.
495 3471 541 3529 Dc
561 3472 613 3528 his
635 3489 719 3546 quae
741 3472 866 3530 debent
887 3475 1000 3531 caveri
1021 3474 1054 3529 in
1078 3473 1324 3548 compositione

695 3558 942 3616 medicinarum.

382 3685 418 3743 Et
439 3688 581 3744 sciendam
603 3686 677 3761 quod
698 3688 751 3743 tria
773 3690 838 3744 sunt
859 3686 983 3743 cavenda
1004 3690 1031 3744 θῖ
1052 3687 1161 3760 proprie
1182 3687 1212 3741 in
1234 3702 1345 3760 compo-

298 3773 397 3829 sitione
419 3773 616 3830 medicinarum
638 3773 813 3830 solventium.
852 3772 887 3828 Et
908 3774 1027 3847 primum
1049 3774 1104 3829 est:
1132 3788 1167 3828 ne
1187 3771 1237 3827 fiat
1258 3789 1344 3846 appo-

297 3859 360 3914 sitio
393 3859 590 3915 medicinarum
621 3860 651 3915 in
683 3859 798 3916 diversis
824 3859 994 3933 temporibus
1017 3858 1201 3932 operantium,
1235 3874 1270 3914 ne
1295 3857 1344 3914 liat

297 3945 379 4000 alicui
400 3945 552 4018 inaequalis
575 3945 685 4018 agitatio
708 3947 736 4001 θῖ
756 3945 859 4001 ventris
881 3943 1009 4015 turbatio,
1033 3943 1106 4001 unde
1128 3943 1302 3999 Aviccnna
1317 3937 1344 3998 l⁰
