2932 5626
635 391 842 455 ‚94-

212 565 279 621 facit
294 565 431 622 solutione
447 567 520 622 exire
536 567 699 638 sanguinem
718 569 746 622 et
765 570 807 623 ost
827 570 914 642 magIs
936 584 1039 625 nocens
1062 569 1262 626 emorroidibus

212 654 240 708 et
255 666 308 706 ano
324 654 352 706 et
366 649 449 707 debet
462 650 609 708 rectificari
623 668 673 725 por
685 650 850 709 lubricantia
872 658 900 710 θῖ
921 655 989 711 nihil
1012 658 1055 711 θεῖ
1076 658 1133 712 tam
1156 657 1261 728 magni-

211 736 295 793 ficum
317 753 352 793 ex
373 736 587 794 rectificantibus
608 739 679 794 sicut
697 737 831 795 bdellium
854 742 882 796 et
908 739 1107 814 dragagantum
1130 743 1158 798 et
1180 741 1259 798 dicit:

212 824 260 898 qui
282 822 406 879 assiduat
427 823 615 897 acceptionem
635 825 696 896 ejus
716 824 813 881 diebus
834 827 972 883 continuis
993 843 1049 882 nou
1070 827 1129 883 vidi
1149 828 1178 882 in
1202 844 1261 884 cor-

210 926 277 983 pore
303 925 353 966 suo
380 911 408 964 et
432 909 623 966 instrumentis
649 926 781 966 sensuum
808 912 868 982 ejus
891 912 1091 985 aegritudinem
1113 929 1184 986 qnae
1205 929 1260 968 non

211 996 248 1051 sit
279 993 377 1051 habilis
410 996 509 1050 sanari.
564 994 600 1050 llt
622 995 765 1051 sciendum
792 997 866 1070 quod
889 999 912 1053 si
934 1015 997 1054 cum
1019 1014 1101 1054 succo
1131 998 1261 1055 absinthii

212 1080 371 1137 confictatur
391 1081 422 1135 in
444 1081 603 1136 evacuando
626 1081 744 1138 coleram
773 1083 944 1140 confortatur
965 1087 994 1140 et
1014 1085 1102 1157 magis
1125 1084 1260 1141 consonat

211 1165 383 1222 stomachum
412 1169 440 1222 θῖ
469 1167 560 1222 minus
586 1170 669 1223 nocet
697 1169 771 1240 epati
797 1168 949 1225 secundum
978 1169 1045 1225 Gal.
1068 1165 1133 1226 VII⁰
1158 1174 1258 1243 megat.

212 1266 271 1327 cap.
286 1252 314 1309 6.
352 1250 382 1307 Si
399 1253 484 1324 igitur
496 1252 567 1308 velis
581 1253 729 1327 reprimere
744 1254 846 1326 ipsum,
869 1255 990 1328 exempli
1011 1256 1098 1328 gratia
1118 1255 1171 1330 Rp.
1185 1255 1260 1312 aloes

211 1355 274 1395 unc.
294 1339 325 1408 l,
352 1336 463 1408 bdellii,
490 1337 651 1411 dragaganti
673 1344 706 1393 aa
728 1355 790 1394 unc.
816 1333 866 1420 Ἃ,
889 1342 1011 1397 masticis
1026 1341 1066 1396 dr.
1086 1343 1117 1413 1,
1140 1341 1260 1416 pulveri-

210 1427 307 1480 zentur
322 1426 350 1480 et
364 1427 581 1498 conspergantur
600 1440 662 1479 cnm
683 1440 764 1480 succo
781 1424 911 1482 absinthii
926 1429 954 1483 et
968 1443 1040 1500 aqua
1051 1443 1115 1498 ros,
1131 1426 1261 1484 trochisci

210 1508 279 1565 fiant
293 1508 328 1564 ad
347 1508 458 1582 pondus
481 1509 521 1565 dr.
541 1511 572 1579 13
595 1509 670 1566 dosis
691 1512 845 1584 praeparati
867 1515 911 1568 est
932 1529 949 1568 a
971 1513 1011 1568 dr.
1032 1507 1088 1593 17,
1113 1529 1202 1586 usque
1225 1513 1259 1568 ad

212 1595 252 1651 dr.
271 1594 299 1665 2,
323 1593 373 1650 sed
396 1610 462 1650 cave
483 1611 519 1650 ne
549 1595 598 1651 des
620 1597 711 1669 ipsum
733 1598 857 1671 tempore
878 1597 979 1671 frigido
1001 1599 1066 1672 quia
1088 1600 1210 1655 excoriat
1232 1601 1260 1656 et

210 1681 348 1737 solutione
362 1680 456 1736 educit
469 1682 632 1754 sanguinem
646 1684 674 1737 θῖ
688 1681 840 1738 secundum
861 1684 953 1740 Avic.
967 1683 992 1738 Π
1014 1685 1106 1758 potest
1125 1685 1183 1740 dari
1196 1688 1261 1758 post

211 1766 302 1823 cibum
325 1767 390 1839 quia
411 1765 502 1822 solvit·
515 1769 543 1822 et
565 1767 656 1824 cibum
680 1759 920 1842 uou'corrumpit3
944 1770 992 1826 sed
1014 1773 1106 1826 tamen
1130 1771 1210 1826 detur
1231 1772 1259 1825 in

209 1869 294 1926 parva
309 1852 461 1926 quantitate
466 1871 474 1921 ;
497 1853 521 1908 si
536 1855 628 1909 tamen
643 1852 724 1908 detur
737 1854 766 1908 in
782 1871 881 1928 magna
897 1857 1049 1929 quantitate
1071 1859 1136 1929 post
1157 1854 1258 1926 cibum,

209 1954 283 1995 error
305 1941 348 1993 θεῖ
369 1936 520 1993 secundum
543 1937 654 2014 Serap.
671 1937 731 1994 VII.
755 1969 795 1981 -

651 2153 816 2227 Agaricus

209 2282 361 2338 secundnm
375 2280 488 2338 lIesuii
504 2284 596 2338 estex
611 2281 755 2338 medicinis
771 2284 864 2355 magni
874 2284 1029 2355 juramenti
1044 2285 1072 2340 et
1087 2287 1130 2340 θεῖ
1140 2283 1258 2358 duplex:

209 2367 267 2423 scil.
285 2367 423 2423 masculus
440 2370 468 2424 et
481 2367 593 2424 femina.
630 2366 770 2424 Masculus
785 2371 828 2424 θεῖ
842 2368 950 2441 ligneus
965 2370 1043 2442 niger
1060 2371 1150 2441 gravis
1173 2370 1258 2426 durus

209 2453 310 2509 densus
330 2453 436 2509 habens
455 2470 555 2510 nervos
573 2454 649 2508 intus
676 2470 739 2510 curn
760 2453 896 2527 frangitur
917 2457 945 2511 et
967 2457 1010 2510 θεῖ
1032 2455 1134 2523 malus;
1156 2455 1258 2512 femina

208 2543 251 2595 est
277 2539 371 2610 albus,
401 2539 485 2610 levis,
512 2538 666 2612 frangibilis
688 2556 805 2612 porosus
826 2556 910 2596 varus
932 2540 1013 2597 valde
1034 2540 1131 2613 planas
1153 2540 1257 2597 habens

208 2626 404 2696 extremitates
428 2628 507 2697 cujus
523 2641 604 2698 sapor
618 2628 661 2681 θεῖ
679 2627 709 2680 in
728 2626 863 2700 principio
886 2626 974 2682 dulcis
996 2628 1074 2682 etin
1095 2626 1151 2683 fine
1174 2627 1258 2683 senti-

207 2713 253 2766 tur
267 2710 420 2767 amaritudo
440 2713 506 2784 quia
527 2716 569 2767 est
591 2712 760 2784 compositus
784 2727 818 2768 ex
840 2711 995 2768 substantio
1017 2715 1097 2768 altrea
1118 2713 1208 2787 posita
1228 2713 1258 2767 in

208 2796 352 2869 superficie
379 2813 414 2852 ex
440 2811 496 2868 qua
521 2798 609 2869 primo
637 2795 731 2852 obviat
757 2799 851 2870 gustui
877 2797 996 2854 dulcedo
1023 2799 1051 2853 et
1076 2814 1111 2854 ex
1133 2797 1256 2872 parthus

207 2884 303 2938 terreis
316 2881 461 2938 subtilibus
474 2882 603 2938 dantibus
615 2883 640 2938 ei
653 2884 851 2955 stypticitatem
863 2899 925 2938 curn
936 2884 1055 2957 quadam
1063 2883 1243 2939 amaritudine
1247 2904 1255 2952 ;

208 2967 363 3042 complexio
379 2984 430 3024 sua
444 2971 486 3024 θεῖ
502 2967 591 3023 calida
604 2969 633 3024 in
658 2962 698 3038 1⁰,
721 2969 794 3024 sicca
809 2970 839 3023 in
855 2963 888 3024 2⁰
907 2972 934 3025 et
954 2969 1106 3025 secundum
1128 2970 1218 3025 Avic.
1231 2968 1257 3022 II

207 3054 313 3124 incidit,
337 3053 458 3123 resolvit,
483 3053 606 3111 subtiliat
628 3057 655 3110 θῖ
676 3055 772 3127 aperit,
796 3054 869 3110 unde
892 3055 961 3110 dicit
981 3053 1095 3111 blesut
1118 3055 1192 3129 quod
1214 3058 1257 3110 θεῖ

207 3140 404 3194 carminativus
415 3141 612 3195 ventositatum
622 3155 778 3212 grossarum
794 3143 822 3196 et
837 3141 959 3196 omnium
973 3139 1153 3215 opilationum
1168 3142 1257 3215 aperi-

206 3226 290 3297 tivus‚
307 3224 458 3281 secundum
473 3225 565 3280 Avio.
578 3224 603 3280 II
618 3225 711 3281 educit
723 3225 860 3282 solutione
872 3226 995 3282 diversos
1006 3226 1134 3282 humores
1146 3242 1256 3298 grossos

207 3311 265 3368 scil.
282 3311 392 3384 flegma,
414 3309 625 3367 melancholiam
641 3314 669 3367 et
683 3310 820 3367 choleram
836 3314 864 3368 et
878 3312 992 3385 adjuvat
1010 3311 1161 3368 medicinas
1181 3311 1255 3368 solu-

206 3398 277 3452 tivas
292 3400 324 3452 ut
337 3397 501 3470 perveniant
515 3395 550 3452 ad
569 3400 692 3453 extrema
711 3398 833 3471 corporis
854 3400 883 3453 et
902 3397 1054 3454 secundum
1077 3397 1192 3471 Serap.
1206 3397 1256 3453 VII

207 3499 260 3538 non
277 3484 316 3539 ita
331 3482 414 3538 solvit
430 3481 565 3538 violenter
580 3483 651 3538 siout
665 3482 873 3557 coloquinthida
888 3487 916 3539 et
930 3485 1071 3539 stomacho
1092 3501 1148 3540 non
1164 3486 1254 3552 nocet,

206 3569 358 3625 secundum
373 3568 446 3624 Ras.
459 3567 523 3623 VIII
538 3567 594 3638 Ar,
613 3584 668 3624 non
683 3567 789 3641 Indiget
803 3570 958 3643 repressivo
978 3585 1069 3643 neque
1085 3569 1174 3626 solum
1189 3586 1254 3625 con-

206 3655 342 3728 spergitur
363 3656 425 3726 ejus
445 3653 538 3726 pulvis
561 3670 624 3709 cnm
646 3671 748 3728 syropo
771 3657 890 3711 acetoso.
944 3654 1151 3711 Dicithesue
1180 3653 1255 3728 quod

205 3743 319 3795 vocatur
334 3740 471 3796 medicina
482 3739 614 3810 familiae,
632 3742 761 3813 quoniam
776 3740 811 3796 ad
827 3740 1006 3812 singularium
1020 3742 1181 3814 passionum
1196 3757 1255 3797 cor·

205 3827 279 3899 poris
299 3825 521 3882 commoditatem
544 3825 678 3882 sehabet
699 3829 727 3882 et
748 3829 791 3883 est
813 3827 892 3898 quasi
914 3828 1002 3882 mater
1023 3828 1145 3882 omnium
1167 3828 1254 3899 aegri-

205 3911 385 3985 gritudinum,
412 3910 462 3968 sed
483 3914 526 3968 est
546 3911 680 3968 mirabilis
701 3911 737 3967 ad
760 3912 856 3968 sodarn
878 3913 1028 3987 antiquam,
1052 3913 1212 3987 epilentiam
1227 3915 1255 3968 θῖ
