2932 5626
701 535 911 598 ..42-

276 709 378 781 guinis.
402 740 443 751 -
466 707 651 783 Spinachia
673 707 780 766 confert
800 710 906 782 pectori
932 712 960 766 et
980 710 1107 782 pulmoni
1128 710 1219 769 calido
1242 710 1335 786 (ldem

274 793 350 849 Ras.
366 793 414 850 III.
438 793 497 869 Al.)
520 825 561 836 -
584 793 703 851 Semen
718 793 780 855 lini
803 797 925 850 assatum
940 795 1047 852 confert
1065 797 1136 854 tussi
1149 797 1332 870 flegmaticae.

274 910 316 920 -
339 877 483 953 Sanguis
505 878 664 952 bubonis,
688 881 736 952 jus
752 882 780 936 et
795 896 857 936 caro
872 880 961 953 ipsius
977 881 1123 938 conferunt
1136 884 1236 938 asmati
1249 881 1333 939 valde

275 967 406 1020 comesta.
430 997 471 1006 -
494 964 637 1039 Sanguis
660 965 715 1021 edi
737 981 833 1021 recens
848 966 960 1040 tepidus
976 983 1039 1022 cum
1054 970 1131 1025 aceto
1147 966 1250 1024 bibitus
1266 984 1333 1024 con·

273 1049 329 1106 fert
350 1049 384 1105 ad
408 1049 579 1107 mammillae
600 1051 784 1107 retentionem
812 1052 840 1106 in
868 1066 918 1106 suo
942 1053 1025 1122 statu,
1047 1055 1079 1107 ut
1101 1051 1209 1108 dicitur.
1254 1051 1333 1109 ldern

273 1135 341 1191 facit
363 1137 478 1208 sanguis
500 1135 704 1209 vespertilionis
723 1136 829 1191 linitus.
861 1167 901 1176 -
933 1134 1082 1194 Siseleos
1105 1137 1211 1193 confert
1233 1138 1332 1193 asmati

273 1221 344 1276 tussi
366 1221 506 1293 antiquae,
530 1219 690 1277 difficultati
713 1221 851 1277 anhelitus
874 1223 902 1277 et
924 1237 988 1277 curn
1009 1221 1092 1278 melle
1114 1220 1232 1278 bibitum
1251 1239 1332 1277 mun-

274 1305 322 1361 dat
336 1309 435 1380 pectus
457 1305 492 1362 ab
507 1305 669 1364 humeribus
691 1308 802 1380 grossis.
827 1338 869 1347 -
892 1305 947 1362 Sal
969 1307 1093 1362 nitrum
1114 1306 1211 1363 incidit
1231 1307 1333 1381 flegma

273 1408 290 1446 a
317 1407 432 1464 corpore
462 1393 491 1448 et
517 1391 643 1448 similiter
668 1384 880 1466 nepticum¹⁰⁷).
914 1422 955 1431 -
989 1390 1190 1467 Serapinum
1222 1391 1332 1448 mundi-

272 1474 339 1532 ficat
361 1478 459 1549 pectus
487 1477 657 1534 extrahendo
683 1477 813 1533 humores
840 1479 867 1533 et
892 1478 1002 1550 proprie
1035 1480 1091 1534 tres
1123 1479 1238 1549 quartae
1263 1471 1332 1557 (Ἃ)

273 1560 421 1617 drachmae
443 1562 525 1617 unius
550 1579 613 1618 cum
635 1578 707 1635 aqua
728 1565 815 1618 rutae.
839 1592 881 1602 -
904 1560 1069 1618 Sebeston
1094 1561 1163 1618 lenit
1183 1565 1281 1636 pectus
1304 1564 1333 1619 et
1373 1578 1376 1583 ·

272 1649 376 1719 guttur.
411 1677 453 1686 —
487 1645 589 1720 Spica
616 1648 714 1703 nardi
739 1646 903 1702 mundificat
931 1649 1030 1720 pectus
1057 1649 1085 1703 et
1113 1647 1275 1720 pulmonem
1304 1650 1333 1704 et

272 1730 401 1805 prohibet
416 1731 578 1788 effusionem
594 1734 727 1790 materiei.
752 1764 794 1773 -
817 1731 1021 1787 Sisaminum
1036 1735 1079 1788 est
1091 1731 1197 1789 bonnm
1212 1731 1332 1788 difficul-

271 1817 322 1873 tati
344 1815 483 1872 anhelitus
507 1820 534 1872 et
557 1819 663 1873 asmati.
686 1849 727 1857 --
752 1811 1011 1891 [Sandaraca⁹⁵)
1033 1817 1162 1890 prohibet
1183 1815 1332 1874 tremorem

272 1901 363 1958 cordis
385 1903 413 1957 et
434 1901 541 1956 fluxum
567 1902 721 1976 sanguinis]
759 1934 795 1943 ·-
831 1895 1032 1975 Tryfera¹⁰⁸)
1060 1901 1167 1958 confert
1193 1903 1331 1976 pulmoni,

274 1988 356 2057 tussi,
373 1989 455 2059 sputo
472 1988 614 2059 sanguinis
629 1989 739 2060 proprie
755 1989 863 2043 coctum
879 2003 942 2042 cum
957 1986 1110 2060 portulaca,
1130 2020 1171 2028 -
1194 1987 1333 2044 Thama-

271 2074 397 2128 riscus:
421 2070 528 2126 fructus
552 2073 658 2129 confert
679 2074 751 2128 tussi
773 2073 902 2144 antiquae
928 2072 1105 2144 provocando
1134 2077 1256 2146 sputum.
1290 2104 1333 2114 -

272 2156 451 2212 Tartarum
474 2173 536 2211 cum
565 2173 637 2230 aqua
661 2158 829 2232 plantaginis
857 2158 958 2213 retinet
981 2160 1095 2231 sputum
1116 2159 1266 2230 sanguinis.
1293 2189 1330 2199 -

272 2235 504 2315 Teremahin⁷)
519 2241 587 2298 lenit
597 2246 705 2317 pectus.
722 2275 764 2284 -
781 2242 870 2298 Thus
885 2241 1050 2299 mundificat
1063 2245 1162 2315 pectus
1178 2242 1333 2299 secundum

271 2327 355 2382 Hali.
384 2358 425 2367 -
454 2326 578 2383 Urtica
600 2345 663 2384 cum
686 2343 758 2400 aqua
780 2327 857 2384 ordei
877 2330 975 2401 pectus
996 2326 1158 2383 mundificat
1180 2329 1258 2384 etin
1280 2327 1334 2384 hoc

272 2415 316 2469 est
337 2428 433 2468 semen
454 2411 554 2468 fortius
584 2429 668 2486 quam
695 2412 773 2482 folia3
807 2413 882 2469 idem
908 2411 1037 2470 Rasin
1065 2410 1258 2469 divisionibus
1292 2441 1335 2456 ·-

274 2496 376 2553 Viola
398 2499 496 2571 pectus
519 2496 588 2553 lenit
609 2497 806 2571 infrigidando.
830 2496 984 2553 —Vitis
1008 2496 1210 2554 domestica:
1234 2514 1334 2554 succus

273 2578 406 2639 foliorum
429 2581 489 2652 ejus
514 2581 621 2639 confert
643 2586 724 2657 sputo
748 2583 900 2655 sauguinis.
930 2613 971 2622 -
999 2580 1174 2639 Volubilis
1197 2584 1241 2639 est
1260 2583 1335 2641 bona

276 2669 376 2723 asmati
398 2669 463 2740 quia
485 2667 648 2724 mundificat
668 2666 860 2740 abstergendo.
884 2698 925 2710 —
947 2666 1070 2739 Virgae
1092 2669 1239 2739 pastoris
1262 2682 1335 2740 aqua

272 2756 315 2809 est
336 2753 410 2809 bona
432 2754 514 2824 sputo
538 2754 680 2826 sanguinis
696 2752 910 2825 constringendo
926 2755 954 2807 et
967 2750 1164 2824 infrigidando.
1188 2784 1230 2793 -
1253 2752 1334 2807 Vul-

272 2839 327 2913 pis
349 2838 463 2911 pulmo
491 2838 581 2894 siccus
610 2837 717 2894 confert
745 2839 845 2892 asmati
866 2837 958 2893 valde.
1003 2836 1079 2892 Idem
1102 2836 1250 2893 hviclll
1272 2853 1331 2910 cap.

273 2922 307 2979 de
330 2925 447 2979 asmate:
470 2920 545 2977 idem
567 2924 665 2978 Isaac
680 2922 716 2977 lll
737 2923 839 2978 viatico
862 2938 922 2995 cap.
947 2920 1054 2977 eodem.
1078 2953 1119 2962 -
1142 2921 1211 2977 Uva
1233 2937 1334 2994 passa

275 3007 381 3063 confert
403 3007 547 3081 asperitati
569 3010 716 3081 generatae
732 3023 767 3063 ex
782 3005 941 3080 frigiditate.
965 3038 1007 3047 -
1029 3005 1157 3079 Ysopus
1179 3007 1253 3062 sicca
1268 3023 1333 3063 con-

275 3091 329 3148 fert
351 3094 464 3162 asmati,
487 3094 567 3164 tussi,
590 3092 717 3166 pulmoni
733 3095 761 3148 et
776 3093 882 3166 pectori
896 3094 924 3148 et
938 3091 1048 3165 proprie
1064 3107 1128 3147 curn
1146 3090 1255 3148 ficubus
1271 3091 1333 3148 abs-

271 3176 405 3250 tergendo
429 3180 456 3233 et
478 3177 695 3233 mundificando.
720 3208 761 3217 -
784 3177 968 3233 Zuccarum
990 3173 1088 3249 pectus
1108 3175 1177 3232 lenit
1198 3179 1226 3232 et
1243 3192 1333 3233 remo-

274 3265 320 3318 vet
343 3263 529 3336 asperitatem.
554 3293 593 3304 «-

273 3473 320 3530 Ex
342 3474 397 3531 his
420 3477 518 3548 potes
534 3475 696 3548 colligere
712 3448 897 3531 electuaria
914 3473 970 3531 vel
985 3489 1132 3547 syrupos
1146 3472 1330 3530 lenientia:

356 3601 409 3674 Rp.
433 3618 520 3675 grana
540 3602 609 3675 pini,
632 3617 703 3657 uvae
723 3617 832 3674 passae,
855 3599 934 3670 ficus,
958 3601 1064 3673 gummi
1086 3599 1171 3670 arab„
1194 3600 1332 3674 foenugr.,

273 3703 368 3743 semen
390 3686 440 3742 lini
463 3687 576 3759 dactyli,
600 3686 685 3742 radic.
708 3685 769 3756 lilii,
793 3684 904 3758 amygd.
921 3686 1041 3741 maxime
1057 3701 1176 3756 amarae,
1192 3685 1331 3755 sebesten,

272 3774 392 3846 zuccari,
417 3772 473 3829 mel
495 3771 600 3844 (hvic.
617 3771 656 3826 Ill
679 3770 714 3826 de
736 3786 802 3826 cura
823 3769 1002 3844 raucedinis).
1026 3801 1068 3810 -
1091 3769 1127 3824 Et
1148 3771 1172 3825 si
1194 3786 1257 3825 curn
1279 3768 1333 3826 hoc

270 3857 314 3913 vis
342 3856 502 3929 infrigidare
530 3856 598 3930 Rp:
638 3857 744 3912 semina
773 3855 907 3911 cucurbit.
937 3857 966 3910 et
995 3856 1167 3924 cucumeris,
1200 3854 1332 3928 amylum,

269 3942 490 4014 muscillaginem
504 3940 607 4015 psyllii,
624 3956 738 3996 succum
753 3939 833 4012 liqu.‚
856 3939 951 3995 vitella
967 3955 1055 4009 over,
1075 3939 1119 3996 lac
1136 3940 1244 3995 noviter
1259 3939 1331 3995 mul-

270 4043 405 4082 sum-
428 4026 464 4082 Et
487 4027 511 4082 si
532 4027 574 4082 vis
597 4025 758 4096 calefacere,
786 4024 857 4081 adde
884 4024 1005 4080 lenitivis
1028 4023 1108 4080 dictis
1131 4040 1218 4096 asam,
1239 4025 1329 4098 piper,
