2924 5616
699 650 823 722 -ffl
867 693 907 703 ..

280 836 356 910 hpii
378 835 527 892 montani
547 833 627 889 radix
646 833 736 890 solvit.
763 865 798 872 -
823 825 952 907 Azul⁶⁸)
975 832 1059 888 solvit
1073 834 1288 892 melancholiam
1304 841 1332 894 et

278 921 420 994 quodlibet
442 937 566 994 grossum
588 921 749 993 sauguinem
770 918 930 974 admixtum.
953 950 994 959 —
1016 919 1100 974 Aloe
1121 920 1207 977 solvit
1231 923 1331 995 flegma

280 1009 309 1063 et
331 1007 450 1063 coleram
472 1009 499 1062 et
520 1023 576 1062 non
599 1005 723 1062 ablutum
750 1004 847 1060 fortius
870 1021 952 1078 quam
979 1005 1111 1061 ablutum.
1141 1038 1181 1047 —
1211 1007 1329 1080 Agari-

279 1109 334 1148 cus
367 1092 449 1148 solvit
478 1107 587 1165 grossos
615 1092 744 1147 humores
769 1090 937 1163 flegmaticus
965 1090 1096 1146 colericos
1119 1093 1328 1148 6116161616-

277 1178 354 1234 licos
385 1210 426 1218 —
452 1178 620 1252 Agaricus
647 1193 682 1234 ex
703 1177 870 1250 proprietate
892 1175 1004 1231 attrahit
1025 1175 1124 1249 flegma
1146 1195 1162 1232 a
1184 1180 1327 1234 stomacho

278 1267 306 1320 et
327 1268 426 1338 purgat
447 1263 546 1338 flegma
568 1266 596 1319 et
618 1262 752 1318 coufortat
774 1262 953 1318 stomachum.
978 1294 1018 1303 -
1041 1262 1177 1319 Blattae
1200 1262 1328 1336 byzan-
1379 1328 1381 1332 ι

277 1351 346 1406 tiae
369 1367 431 1406 cum
454 1352 531 1405 aceto
554 1352 727 1404 commovent
742 1350 873 1404 ventrem.
898 1379 938 1388 -
960 1345 1107 1421 Be(r)en:
1132 1365 1231 1404 aureus
1254 1367 1327 1405 unus

276 1435 342 1490 facit
363 1451 473 1491 vomere
495 1435 602 1491 fortiter
624 1437 652 1490 et
671 1433 762 1490 solvit.
785 1466 826 1474 —
849 1433 977 1488 Baurac
999 1450 1107 1489 vermes
1129 1433 1222 1490 educit
1243 1435 1327 1491 iuter-

276 1521 365 1577 fectos
398 1520 514 1576 bibitum
545 1523 572 1576 et
602 1519 711 1575 linitum
734 1523 761 1575 et
782 1518 910 1575 interficit
932 1535 979 1575 eos
1001 1523 1094 1575 ventre
1117 1519 1195 1575 linito
1218 1536 1259 1575 66.
1286 1554 1326 1561 -

276 1607 439 1679 Butyrum
460 1606 528 1662 lenit
547 1609 574 1662 et
592 1605 709 1661 multum
725 1608 865 1678 sumptum
880 1604 971 1660 solvit.
994 1636 1035 1644 -
1058 1604 1236 1663 Cerebrum
1258 1607 1327 1662 lenit

276 1697 409 1748 ventrem.
429 1725 463 1732 -
490 1691 600 1765 Copae
616 1707 687 1764 aqua
701 1691 771 1746 lenit
784 1693 916 1746 ventrem.
942 1723 980 1730 —
1005 1690 1131 1747 Caseus
1147 1708 1242 1746 recens
1258 1691 1327 1749 lenit

279 1781 412 1834 ventrem.
436 1810 477 1819 -—
500 1777 598 1833 Casei
617 1793 700 1850 aqua
719 1776 811 1833 educit
826 1776 944 1832 coleram
959 1774 1149 1849 abstergendo.
1167 1809 1207 1816 —
1231 1777 1326 1833 Colo-

277 1863 464 1937 quinthida
487 1863 580 1919 educit
600 1862 699 1935 flegma
714 1863 822 1936 proprie
844 1878 879 1917 ex
898 1863 1035 1932 juncturis
1058 1867 1086 1918 61
1106 1864 1198 1918 nervis
1220 1866 1248 1918 61
1271 1864 1326 1919 sol-

276 1951 317 2005 vit
332 1949 459 2005 coleram.
483 1981 524 1990 -
547 1948 710 2022 Capparis
726 1947 819 2004 educit
834 1963 943 2020 grossos
959 1948 1096 2004 humores.
1114 1980 1154 1988 —
1174 1947 1325 2004 Caulium

279 2051 373 2091 semen
396 2052 458 2091 cum
482 2050 553 2107 aqua
567 2034 724 2107 lupinorum
740 2049 846 2089 vermes
860 2033 998 2089 interficit.
1024 2065 1060 2073 —
1086 2033 1166 2090 Caro
1189 2036 1325 2107 pinguis

276 2120 345 2176 lenit
366 2123 501 2175 naturam.
524 2151 564 2160 -
587 2119 758 2175 Cicouium
776 2123 840 2192 post
862 2118 954 2175 cibum
976 2119 1065 2174 solvit.
1088 2151 1129 2160 —
1153 2119 1326 2176 Calameu-

276 2209 344 2262 tum
367 2206 528 2261 silvestre
557 2204 640 2261 solvit
665 2208 789 2260 ventrem
812 2203 982 2261 sufficienter
1008 2208 1036 2260 et
1056 2204 1185 2260 interficit
1207 2222 1324 2262 vermes.

276 2324 317 2333 —
341 2291 570 2348 Calameutum
592 2294 782 2346 montanum
804 2289 896 2345 educit
911 2290 1029 2346 coleram
1043 2292 1158 2363 nigram.
1182 2322 1222 2331 -
1247 2292 1325 2347 Cor-

277 2377 397 2433 dumen
414 2377 519 2432 confert
533 2375 682 2432 vermibus
699 2409 740 2416 —
756 2376 940 2431 Cartamum
964 2376 1057 2432 educit
1070 2376 1178 2449 flegma,
1195 2377 1325 2432 adustum

278 2480 340 2519 cum
364 2462 445 2519 melle
468 2465 496 2518 et
517 2461 624 2518 ficubus
646 2462 729 2518 solvit
757 2478 866 2534 aquam.
890 2494 929 2502 —
954 2462 1136 2518 Cucurbita
1158 2479 1220 2517 cum
1242 2464 1325 2519 melle

278 2547 802 2606 6161166611111611161116116111.
840 2579 876 2587 —
912 2546 1071 2604 Cucumer
1100 2548 1168 2603 lenit
1188 2551 1323 2604 ventrem.

277 2668 317 2677 -
341 2635 504 2690 Cucumer
519 2635 672 2689 asininus
688 2633 824 2689 solutione
840 2633 933 2689 educit
948 2635 1117 2707 sanguinem.
1144 2666 1180 2673 —
1206 2633 1324 2690 Cassia

277 2720 398 2777 fistula
429 2721 498 2777 lenit
527 2722 555 2776 et
582 2719 675 2775 educit
697 2719 816 2775 coleram
838 2718 964 2775 adustam
985 2720 1014 2774 iu
1036 2719 1135 2792 flegma
1157 2721 1216 2775 sine
1239 2737 1323 2775 nocu-

277 2810 369 2863 mento
391 2808 431 2863 ita
453 2805 527 2880 quod
548 2809 639 2878 potest
661 2804 720 2860 dari
739 2804 964 2879 praegnantibus.
990 2836 1026 2844 —
1052 2805 1175 2861 Cortex
1197 2804 1324 2862 fraxini

278 2910 340 2949 cum
363 2909 435 2966 aqua
463 2891 563 2965 frigida
584 2891 686 2948 bibitus
710 2891 824 2964 expellit
844 2891 953 2964 flegma.
988 2922 1028 2932 —
1061 2890 1235 2947 Emblicus
1257 2892 1325 2948 lenit

276 2981 401 3034 ventrem
416 2978 520 3051 absque
534 2978 628 3035 labore
644 2980 672 3034 et
687 2977 769 3033 solvit
782 2977 883 3049 flegma
898 2980 925 3032 et
941 2975 1159 3032 melancholiam.
1182 3009 1222 3017 —
1246 2977 1322 3051 Epi-

276 3065 383 3120 thima
405 3065 488 3120 solvit
508 3063 718 3119 melancholiam
740 3062 847 3120 fortiter
868 3065 896 3118 et
916 3062 1025 3135 flegma.
1056 3095 1096 3103 -
1126 3062 1323 3119 Euforbium

276 3149 369 3206 educit
390 3150 489 3223 flegma
511 3148 545 3205 ab
560 3150 676 3205 hanchis
691 3152 720 3206 et
734 3148 823 3205 dorso.
848 3180 888 3188 -
910 3147 1089 3204 Elleborus
1111 3148 1204 3204 educit
1224 3149 1324 3221 flegma

277 3238 372 3292 aloto
395 3252 516 3309 corpore.
543 3268 579 3277 —
611 3235 704 3292 Ferri
726 3237 835 3291 scoria
857 3251 956 3307 aquam
979 3233 1068 3290 solvit.
1098 3266 1138 3275 -
1167 3233 1322 3291 Furfuris

276 3322 419 3378 sorbitio
442 3322 511 3377 lenit
525 3324 649 3378 ventrem
671 3326 699 3377 et
713 3324 806 3378 movet
827 3337 860 3376 ea
882 3319 918 3376 ad
932 3319 1123 3392 expulsionem
1146 3336 1216 3393 quae
1238 3323 1266 3375 in
1290 3338 1322 3375 eo

276 3411 411 3464 6111-
445 3407 565 3463 anus
588 3411 696 3464 terrae
717 3409 859 3463 materiam
880 3405 957 3462 lenit.
992 3436 1032 3446 -
1065 3404 1163 3460 Ficus
1185 3406 1323 3461 humida

275 3493 359 3550 solvit
380 3511 485 3568 parum.
525 3526 558 3533 —
595 3493 613 3549 J
619 3511 655 3549 us
676 3493 763 3567 galli
785 3493 911 3549 veteris
939 3507 1001 3546 cum
1022 3490 1173 3565 polypodio
1196 3496 1223 3547 61
1245 3493 1322 3546 aniso

276 3580 382 3636 confert
414 3579 515 3636 colicae
550 3580 631 3636 valde
664 3584 691 3636 et
719 3579 802 3635 solvit
826 3577 1037 3634 melancholiam
1063 3580 1176 3632 etcum
1203 3579 1321 3633 cartamo

275 3666 383 3739 flegma.
407 3699 448 3707 -
471 3666 579 3722 Hasce
602 3665 695 3722 educit
708 3666 808 3738 flegma
822 3665 881 3720 siue
896 3662 1101 3737 impedimento.
1125 3695 1166 3702 —
1189 3662 1322 3718 Hermo-

275 3752 431 3826 dactylus
457 3752 540 3808 solvit
562 3754 695 3808 ventrem.
730 3783 770 3793 -
804 3750 896 3806 lreos
924 3748 1017 3805 educit
1041 3762 1150 3819 aquam,
1173 3748 1272 3821 flegma
1295 3752 1323 3804 et

275 3840 402 3895 coleram.
428 3870 466 3879 —
491 3837 608 3893 Semeu
633 3839 698 3893 coti
720 3836 788 3893 lenit
808 3840 941 3892 ventrem.
966 3866 1006 3874 -
1028 3831 1163 3889 Fessire
1185 3834 1321 3890 ieritis

275 3925 351 3982 alba:
375 3941 474 3981 succus
497 3925 556 3994 ejus
579 3923 662 3979 solvit
677 3923 784 3996 flegma,
812 3955 845 3962 —
870 3921 969 3994 Lapis
993 3934 1145 3974 armenus
1168 3919 1251 3974 solvit
1266 3938 1321 3976 mo-

274 4011 438 4067 lancholiam
461 4010 559 4065 fortius
582 4025 663 4082 quam
686 4009 756 4082 lapis
786 4007 878 4063 lazuli.
912 4038 951 4047 —
986 4006 1080 4077 Aqua
1107 4006 1196 4060 casei
1230 4006 1322 4062 educit

276 4099 396 4153 coleram
421 4097 547 4152 adustam
570 4098 597 4151 et
619 4111 682 4150 cum
704 4095 834 4169 epithimo
856 4090 1075 4148 melancholiam.
1106 4121 1146 4129 -
1177 4090 1220 4146 Lu
1227 4095 1321 4165 pinus

274 4184 393 4240 extrahit
407 4199 514 4239 vermes
530 4184 558 4237 et
573 4180 698 4237 similiter
712 4181 848 4237 ascarides
863 4178 965 4236 bibitus
980 4179 1008 4234 et
1021 4175 1126 4232 linitus.
1152 4209 1191 4218 -
1213 4178 1320 4252 Myra-
