2932 5626
700 672 909 735 ...60-

279 847 376 904 bovis
399 846 505 904 confert
526 847 663 904 ulceribus
685 849 888 905 intestinorum.
912 848 1100 922 -Lingua
1122 849 1199 922 agni
1219 849 1328 922 stringit

206 960 209 968 =
279 936 405 990 ventrem
427 934 535 1007 proprie
558 935 618 1005 ejus
642 950 745 992 semen.
789 933 866 990 Idem
888 933 954 989 facit
981 951 1076 992 semen
1102 935 1202 1008 lapacii
1229 950 1326 990 secuu—

280 1019 346 1074 dum
367 1018 451 1075 Hali.
486 1051 527 1059 -
559 1018 622 1074 lac
645 1023 775 1076 coctum
804 1019 911 1075 fluxum
942 1020 1043 1076 retinet
1069 1022 1097 1077 et
1122 1021 1240 1075 maxime
1263 1037 1324 1075 cnm
1417 1016 1419 1020 ’

279 1105 441 1161 tantundem
475 1120 563 1177 aquae
595 1106 727 1176 mixtum,
762 1105 861 1162 deindo
890 1107 998 1161 coctum
1027 1106 1062 1160 ad
1088 1107 1326 1179 consumptionem

279 1207 376 1263 aquae.
400 1220 439 1232 -
463 1190 526 1246 lac
542 1189 755 1264 ebntyratum
776 1190 882 1247 confert
896 1191 1027 1247 solutioni
1042 1191 1174 1248 colericae
1188 1195 1247 1248 tum
1262 1192 1327 1265 quia

278 1275 409 1349 frigidum
430 1278 490 1331 tum
512 1277 576 1349 quia
598 1278 756 1350 stypticam.
782 1309 821 1318 -
843 1276 906 1331 Lac
925 1278 955 1332 in
971 1293 1025 1350 quo
1042 1278 1211 1350 extinguitur
1224 1276 1327 1334 ferrum

279 1363 327 1417 aut
348 1362 419 1436 lapis
441 1363 549 1435 stringit
562 1366 688 1419 ventrem
704 1365 732 1418 et
746 1366 849 1436 quanto
864 1362 927 1437 plus
943 1363 1111 1435 extinguitur
1125 1366 1202 1420 tanto
1218 1362 1325 1418 melius.

279 1479 320 1488 -
342 1447 470 1503 Linum:
499 1449 559 1519 ejus
583 1464 655 1522 aqua
676 1449 786 1521 stringit
806 1447 912 1504 fluxum
935 1447 1090 1504 celerinum.
1114 1481 1154 1489 —
1176 1448 1327 1522 Myroba-

279 1534 349 1589 lani
370 1532 441 1589 indi
463 1536 491 1589 et
511 1533 630 1590 kebuli
652 1534 742 1590 adusti
765 1535 910 1607 stringunt.
944 1565 984 1573 -
1017 1533 1228 1607 Myrobalani
1250 1535 1327 1589 citri

280 1622 378 1675 sanant
399 1619 506 1674 fluxum
530 1618 684 1676 ulcerosum
698 1619 857 1676 multotiens
871 1619 1056 1692 infrigidando
1071 1622 1099 1676 et
1115 1621 1265 1694 stypticam
1286 1619 1299 1674 f
1316 1651 1326 1660 -

279 1705 376 1761 ciendo
399 1703 508 1779 (Avic.
524 1703 563 1760 lll
585 1705 619 1762 de
643 1722 707 1761 cura
725 1704 818 1761 fluxus
835 1705 972 1780 ulcerosi).
997 1737 1037 1746 -
1058 1704 1151 1761 llaru
1173 1707 1192 1761 i.
1209 1722 1233 1761 6.
1256 1722 1327 1761 mar-

279 1789 389 1846 rubium
411 1791 547 1847 coniortat
568 1792 699 1847 intestina
721 1794 749 1848 et
771 1807 865 1848 semen
887 1793 947 1863 ejus
963 1791 1092 1847 adustum
1107 1791 1214 1847 confert
1228 1791 1327 1865 dysen-

278 1879 372 1932 teriae.
397 1908 437 1917 -
458 1875 548 1932 llora
570 1876 661 1933 Oelsi
681 1878 827 1932 immatura
842 1878 964 1950 stringit3
986 1876 1061 1933 idem
1082 1877 1148 1933 facit
1169 1893 1246 1933 mora
1266 1876 1328 1933 rubi

279 1962 432 2018 secundnm
453 1962 537 2018 Hali.
562 1995 603 2004 -
624 1961 827 2019 llarmacora
848 1964 866 2018 i.
880 1979 904 2019 6.
927 1963 1100 2019 aristolochia
1121 1962 1240 2020 rotunda
1264 1979 1327 2019 con-

278 2048 362 2105 fortat
390 2049 529 2103 intestina.
567 2080 602 2088 —
637 2047 807 2120 Majorana
840 2048 946 2105 confert
978 2048 1066 2104 dolori
1098 2050 1251 2122 pungitiva.
1288 2081 1325 2089 —

278 2133 409 2207 llyrrha
431 2136 542 2207 sumpta
563 2133 598 2190 ad
628 2136 808 2207 quantitatem
835 2135 915 2190 unius
943 2134 1022 2191 fabae
1056 2134 1162 2191 confert
1188 2135 1327 2205 solutioni,

279 2219 417 2276 ulceribus
440 2222 468 2275 et
482 2236 593 2276 rasurae
608 2221 810 2276 intestinorum.
833 2252 874 2261 —
895 2218 1021 2275 llastix
1043 2221 1152 2293 stringit
1174 2222 1238 2293 quia
1260 2238 1328 2294 pon-

278 2308 364 2361 ticum
387 2305 538 2362 secundum
561 2306 649 2362 Hali.
673 2338 713 2347 -
736 2305 799 2362 Mel
822 2308 845 2362 si
867 2307 1003 2362 invenerit
1025 2306 1116 2363 cibum
1136 2309 1328 2380 praeparatum

279 2392 314 2447 ad
335 2393 481 2448 transitum
503 2393 611 2464 stringit
631 2396 765 2449 ventrem.
800 2424 841 2432 —
873 2391 1000 2447 Morum
1027 2392 1195 2448 desiccatum
1222 2393 1330 2465 stringit

278 2480 405 2534 ventrem
425 2477 611 2534 vehementer.
635 2510 676 2520 -
697 2477 769 2533 Nux
790 2477 861 2533 frixa
881 2478 998 2550 stringit.
1022 2510 1063 2518 -
1085 2478 1201 2551 Opinm
1224 2477 1330 2534 confert

280 2563 453 2636 dysenteriae
476 2563 607 2620 colericae
630 2566 657 2620 et
678 2562 826 2636 infrigidat.
851 2594 892 2604 —
915 2563 981 2619 Ova
1003 2566 1099 2619 cocta
1119 2565 1148 2619 in
1164 2565 1241 2634 aceto
1264 2580 1328 2619 con-

279 2649 372 2706 ferunt
393 2649 524 2705 solutioni
545 2651 649 2706 ventris
672 2653 700 2707 et
725 2665 808 2722 snper
836 2665 953 2723 prunas3
989 2649 1114 2704 similiter
1146 2651 1238 2706 assata
1267 2665 1329 2705 cum

280 2752 362 2791 succo
384 2738 517 2808 agrestae.
541 2767 581 2777 —
604 2733 783 2792 Olibanum
805 2737 905 2791 retinet
926 2734 1033 2789 fluxum
1054 2736 1157 2792 ventris
1180 2752 1243 2790 curn
1266 2751 1329 2790 san-

280 2823 371 2894 guine.
394 2853 435 2862 -
458 2819 614 2877 Ordeum:
642 2822 702 2893 ejus
724 2820 813 2876 farina
834 2822 935 2877 retinet
955 2823 1089 2877 ventrem.
1113 2852 1153 2860 -
1176 2820 1328 2893 Psylinm

279 2907 382 2963 frixum
404 2907 443 2962 dr.
462 2906 479 2962 2
503 2923 566 2962 cum
588 2907 624 2963 ol.
640 2923 694 2963 ros,
711 2908 821 2979 stringit
835 2909 959 2962 ventrem
974 2910 1001 2962 et
1017 2905 1123 2963 confert
1144 2905 1327 2980 dysenteriae.

280 3025 321 3034 -
343 2992 524 3048 Portulaca
540 2992 714 3066 clysterizata
735 2992 842 3048 confert
863 2993 993 3049 solutioni
1016 2991 1157 3048 colericae.
1181 3024 1222 3033 -
1244 2990 1331 3065 Pyra

281 3078 418 3134 desiccata
433 3079 578 3151 stringunt.
603 3111 643 3120 —
666 3076 886 3152 Pentafylon:
910 3077 988 3133 radix
1004 3078 1064 3148 ejus
1080 3077 1185 3134 confert
1200 3077 1331 3134 solutioni

280 3166 383 3221 ventris
405 3181 440 3220 ex
461 3164 562 3234 ulcere,
586 3195 626 3204 -
649 3163 748 3219 Poma
770 3167 909 3220 acetosa
930 3166 959 3219 et
984 3164 1093 3236 proprie
1116 3164 1227 3235 pontica
1249 3164 1330 3218 strin-

280 3254 356 3323 gunt.
380 3282 420 3290 -
442 3249 580 3306 Persica
593 3251 740 3305 immatura
755 3251 863 3322 stringit
877 3252 1010 3305 ventrem.
1034 3281 1075 3289 -
1096 3249 1197 3305 Panis
1218 3264 1330 3321 azymus

281 3339 309 3392 et
329 3337 409 3410 panis
430 3337 460 3392 in
482 3335 584 3409 patella
607 3339 699 3391 coctus
722 3339 749 3392 et
768 3337 847 3409 panis
863 3336 992 3408 antiquus
1016 3336 1160 3408 stringunt.
1183 3334 1331 3389 -Ruta

281 3423 390 3495 stringit
412 3422 599 3477 consumendo
622 3420 813 3477 humiditatem
834 3421 968 3477 fluentem
990 3425 1018 3476 et
1040 3420 1162 3477 dolorem
1186 3420 1273 3476 sedat.
1290 3452 1330 3460 -

280 3507 396 3563 Rubus
419 3507 529 3580 stringit
551 3510 579 3562 et
593 3506 660 3562 felia
675 3508 740 3580 quia
755 3508 906 3580 ponticum.
930 3538 971 3546 -
993 3505 1244 3563 Reubarbarnm
1266 3521 1330 3560 con-

280 3594 333 3650 fert
349 3594 522 3667 dysenteriae
544 3594 611 3666 quia
624 3594 774 3667 ponticum.
798 3624 838 3632 -
861 3591 949 3648 Rosa
964 3593 1071 3664 stringit
1091 3595 1119 3648 et
1132 3593 1251 3647 maxime
1267 3593 1332 3664 quia

281 3681 361 3736 sicca.
386 3711 427 3720 —
450 3677 672 3752 Sqninantum
695 3679 803 3751 stringit
824 3679 933 3752 proprie
956 3678 1102 3732 asininum.
1136 3709 1177 3719 -
1211 3675 1330 3733 Semen

280 3766 344 3820 lini
366 3765 467 3820 frixum
490 3765 607 3837 stringit.
631 3796 672 3804 —
695 3763 838 3837 Sanguis
862 3762 1021 3820 draconis
1037 3762 1143 3820 confert
1158 3762 1330 3834 dysenteriae

281 3853 345 3925 quia
359 3849 507 3924 infrigidat,
532 3849 652 3905 desiccat
666 3851 694 3906 et
709 3851 879 3922 constringit.
903 3881 943 3889 —
967 3847 1113 3922 Sanguis
1129 3865 1253 3922 caprae
1269 3864 1331 3903 oum

280 3936 362 3992 melle
394 3936 498 3993 bibitus
530 3935 636 3992 confert
665 3935 837 4008 dysenteriae
866 3937 894 3991 et
920 3934 1071 4007 secundum
1095 3934 1172 3989 Hali
1195 3933 1275 3988 datus
1302 3935 1331 3988 in

282 4038 338 4078 ovo,
357 4021 451 4078 sorbili
466 4022 580 4078 confert.
604 4053 645 4062 -
668 4020 859 4077 Sandaraca
881 4021 899 4075 i.
917 4036 941 4077 e.
958 4022 1189 4093 auripigmentum
1203 4022 1245 4076 cst
1259 4017 1332 4075 bena

281 4109 410 4182 antiquae
434 4108 573 4165 solutioni.
599 4139 633 4147 -
660 4106 780 4164 Sumac
803 4107 920 4179 stringit.
943 4137 984 4147 —
1007 4105 1098 4161 Sicla
1120 4105 1223 4161 elixata
1244 4106 1333 4178 prima

282 4211 353 4269 aqua
375 4194 466 4251 ablata
488 4195 605 4268 stringit.
635 4225 675 4234 -
704 4191 804 4268 Spica
826 4192 934 4266 stringit
955 4190 1126 4266 prohibendo
1149 4208 1260 4247 cursum
1281 4190 1331 4245 hu·
1404 4188 1405 4192 ’
