2932 5626
725 654 935 716 ..14-

303 831 406 886 tionem
433 831 460 885 et
488 827 558 884 haee
584 826 685 883 dicitur
711 829 860 902 appetitiva
886 845 902 885 a
929 828 1052 887 Galeno
1079 832 1107 887 et
1132 832 1296 887 maturativa
1318 829 1352 886 ab

303 915 477 971 Avicenna
499 916 527 969 61
552 914 606 969 1616
632 915 764 987 imprimit
790 914 957 971 caliditatem
983 917 1012 970 iu
1038 915 1160 972 membro
1189 916 1306 972 similem
1329 917 1354 972 ei

302 999 384 1056 valde
407 999 523 1056 ethaeo
546 1016 601 1057 non
615 1001 684 1072 agit
711 999 843 1074 qualitate
870 1017 936 1057 suae
960 1001 1107 1058 caliditatis
1130 1001 1179 1059 sed
1201 1003 1354 1074 quantitate

302 1087 400 1159 ipsius,
429 1087 457 1141 et
479 1086 609 1159 quoniam
638 1087 726 1142 omnis
754 1085 879 1142 caliditas
906 1087 1027 1142 exsiccat
1049 1090 1077 1144 et
1097 1088 1224 1158 resolvit,
1248 1090 1355 1161 oportet

303 1175 334 1228 ut
355 1171 423 1227 haee
444 1170 580 1227 medicina
602 1172 638 1227 sit
655 1172 764 1227 viscosa
785 1174 815 1227 ut
836 1171 922 1246 opilet
943 1188 1026 1246 poros
1049 1175 1171 1247 corporis
1193 1177 1221 1230 et
1243 1172 1354 1230 conclu-

303 1256 351 1313 dat
371 1257 462 1314 fumos
477 1257 591 1314 interius
615 1259 643 1313 61
664 1273 700 1313 ex
713 1257 765 1314 hoc
789 1256 863 1313 calor
884 1256 917 1313 fit
932 1258 1045 1330 multus,
1069 1260 1135 1332 quia
1150 1260 1261 1333 spiritus
1283 1258 1354 1314 mul-

301 1347 346 1400 tus
369 1346 466 1398 acutus
488 1344 657 1416 temperatus
684 1342 793 1416 aequali
815 1343 1000 1417 complexioni
1026 1343 1142 1401 membri
1169 1345 1305 1401 adunatur
1326 1347 1354 1401 et

302 1432 461 1502 augmentat
483 1445 578 1486 omnes
600 1429 772 1501 operationes
794 1429 933 1486 naturales
955 1432 984 1485 et
1005 1446 1052 1486 eas
1074 1430 1223 1502 coufortat,
1252 1433 1279 1486 ct
1300 1431 1353 1486 iste

302 1516 414 1589 spiritus
429 1517 543 1570 vocatur
558 1513 591 1569 ab
608 1513 814 1588 Hippocrate
830 1508 856 1568 1⁰
875 1515 911 1570 ai.
932 1515 1025 1585 „calor
1038 1516 1201 1586 naturalis“,
1226 1515 1273 1571 ubi
1288 1515 1354 1572 dicit

304 1603 432 1672 „ventres
446 1600 536 1656 hieme
559 1603 587 1655 et
607 1615 672 1656 vere
694 1603 759 1656 sunt
778 1599 882 1656 calidae
905 1603 1049 1657 naturae“.
1067 1634 1107 1642 —
1123 1601 1259 1676 Exempla
1274 1602 1354 1657 istius

304 1689 379 1743 sunt:
404 1686 584 1759 aquatepida
599 1688 646 1741 661
660 1686 796 1758 permixta
811 1703 874 1741 enm
890 1685 949 1742 oleo
969 1690 1017 1742 aut
1031 1688 1166 1760 permixta
1189 1704 1251 1742 eum
1266 1687 1354 1743 farina

302 1773 386 1828 tritici
408 1775 435 1828 61
457 1771 518 1828 6166
541 1773 569 1827 61
590 1772 619 1826 16
640 1770 692 1826 hoc
714 1771 811 1827 melior
833 1773 875 1827 est
896 1771 984 1827 farina
1012 1774 1094 1828 tritici
1116 1773 1179 1829 alba
1201 1776 1228 1830 et
1250 1772 1354 1828 munda

302 1861 330 1914 61
352 1858 431 1932 panis
458 1874 492 1912 ex
514 1873 547 1912 ea
568 1856 657 1912 factus
680 1858 745 1929 qnia
771 1860 814 1913 661
836 1857 925 1912 calida
951 1860 978 1914 et
999 1857 1126 1927 humida,
1159 1859 1244 1933 adeps
1267 1861 1352 1933 porci,

303 1942 389 2017 adeps
403 1943 492 2014 vituli,
516 1942 602 2016 adeps
620 1942 708 2013 bovis,
732 1941 819 2017 adeps
841 1959 949 2017 caprae,
973 1943 1022 1999 sed
1044 1947 1086 1999 est
1107 1944 1194 2017 pluris
1216 1945 1353 2014 acuitatis,

303 2028 388 2103 adeps
404 2028 549 2102 gallorum,
573 2027 623 2084 sed
645 2030 687 2084 est
708 2028 794 2101 pluris
809 2028 995 2098 resolutionis
1019 2029 1105 2103 adeps
1122 2031 1210 2086 anatis
1226 2031 1290 2103 quia
1311 2033 1355 2086 661

304 2114 452 2171 subtilioris
476 2113 659 2184 substantiae,
689 2113 812 2169 medulla
840 2115 945 2170 ossium
974 2115 1059 2186 cervi,
1087 2114 1172 2189 adeps
1195 2115 1355 2171 animalium

304 2199 518 2256 domesticorum
544 2202 587 2256 est
613 2199 710 2254 melior
737 2201 801 2272 quia
829 2201 902 2255 sicea
928 2203 956 2255 61
981 2202 1072 2256 611666
1100 2203 1180 2256 66616
1202 2188 1284 2274 quam
1307 2200 1354 2256 611-

304 2287 434 2343 vestrium
457 2289 485 2342 et
505 2287 578 2341 inter
593 2284 758 2342 domesticos
781 2285 866 2359 adeps
889 2287 966 2359 porci
988 2288 1016 2342 61
1037 2286 1118 2342 vituli
1140 2290 1205 2343 sunt
1225 2287 1353 2343 meliores

304 2374 332 2428 et
353 2373 424 2428 inter
445 2372 584 2428 silvestres
607 2370 692 2444 adeps
708 2369 831 2444 leopardi
853 2372 988 2427 61166616
1012 2376 1076 2428 6661
1091 2373 1218 2429 sicciores
1241 2376 1269 2429 et
1290 2389 1353 2428 aeu-

303 2460 395 2513 tiores,
440 2457 568 2513 Bitumeu
591 2459 710 2511 maturat
732 2472 795 2511 cum
817 2456 983 2512 resolutione
1011 2460 1039 2513 et
1066 2461 1108 2514 661
1130 2458 1226 2514 61611116
1248 2459 1304 2532 piei
1325 2460 1354 2514 in

304 2544 476 2618 operatione,
508 2543 594 2598 caulis
618 2544 712 2597 coctus
734 2543 822 2615 prima
844 2558 915 2615 aqua
936 2543 1040 2612 ablata,
1069 2543 1131 2599 calx
1153 2543 1247 2599 abluta
1268 2545 1354 2599 mixta

304 2646 366 2684 eum
388 2628 460 2699 oleo,
484 2645 545 2684 6616
560 2629 686 2701 quamvis
709 2629 745 2683 sit
765 2628 878 2683 minoris
899 2627 1046 2684 caliditatis
1069 2645 1151 2701 quarn
1172 2633 1204 2685 ut
1225 2633 1353 2699 maturet,

305 2717 328 2771 61
353 2717 394 2771 661
416 2715 503 2770 mixta
530 2730 593 2770 cum
620 2713 680 2769 oleo
703 2715 821 2768 maturat
847 2716 874 2769 et
900 2714 924 2768 si
950 2715 992 2768 661
1018 2714 1157 2787 superflua
1180 2714 1303 2771 caliditas
1325 2716 1354 2770 in

303 2799 425 2858 membro
444 2803 510 2855 tune
532 2816 581 2873 per
603 2815 632 2855 se
655 2801 697 2854 661
710 2801 861 2869 66161666,
883 2798 948 2854 faex
963 2798 1025 2870 olei,
1049 2799 1199 2872 olibanum,
1222 2802 1269 2875 pix
1292 2817 1353 2855 cnm

304 2887 468 2943 excensione
490 2887 518 2941 61
540 2885 724 2940 exsiccatione
746 2883 796 2940 sed
819 2885 891 2940 sicca
911 2887 953 2940 est
968 2883 1066 2940 melior
1088 2902 1171 2959 quam
1191 2884 1305 2942 humida
1327 2888 1355 2941 et

304 2989 366 3028 cum
388 2972 449 3027 oleo
472 2973 514 3027 661
535 2970 641 3041 melior,
664 2970 756 3025 resina
778 2986 841 3025 eum
863 2969 923 3026 oleo
946 2973 974 3026 et
999 2971 1023 3026 61
1045 2973 1088 3026 661
1109 2974 1251 3045 apostema
1271 2971 1354 3028 bulli-

303 3075 353 3114 ens
367 3058 451 3112 misce
474 3073 536 3111 eum
560 3055 596 3110 ol.
619 3071 685 3125 ros,
709 3056 736 3111 et
758 3056 782 3110 si
802 3059 843 3111 est
857 3055 987 3128 frigidum
1000 3058 1086 3113 misce
1102 3073 1164 3112 eum
1181 3057 1215 3113 ol.
1240 3058 1352 3130 antiquo

304 3147 351 3198 aut
372 3142 497 3216 raphani,
521 3143 626 3197 semina
647 3141 697 3196 lini
719 3157 781 3195 cum
801 3140 970 3197 abstersione
993 3145 1021 3197 et
1042 3144 1161 3198 maxime
1184 3145 1269 3198 mixta
1291 3159 1353 3197 cum

303 3229 385 3302 adipe
411 3229 500 3302 porci,
528 3227 632 3297 althea,
662 3243 766 3299 ysopus
789 3227 914 3298 humida,
941 3227 1155 3300 foenugraecum
1183 3246 1245 3285 cum
1272 3228 1352 3302 adipe

302 3331 386 3390 porei.
411 3347 451 3354 -

610 3527 776 3584 Medicina
798 3526 1043 3600 putrefaciens:

387 3657 545 3714 Notandum
568 3657 719 3712 secundum
742 3656 810 3712 Gal.
827 3651 866 3714 V⁰
886 3655 977 3729 simpl.
994 3656 1066 3712 med.
1084 3672 1144 3730 cap.
1163 3655 1194 3712 7:
1217 3655 1353 3712 medicina

303 3745 486 3819 putrefactiva
509 3747 551 3799 cst
573 3742 691 3816 duplex:
723 3759 778 3797 una
806 3745 848 3798 est
874 3758 944 3815 quae
972 3747 1014 3798 est
1035 3758 1099 3798 vere
1121 3742 1304 3816 putrefactiva
1325 3744 1353 3798 et

304 3835 346 3887 661
368 3830 534 3887 calefaciens
562 3831 589 3884 et
614 3829 776 3884 humectans
806 3831 834 3884 et
854 3829 933 3883 istius
958 3829 1110 3902 proprietas
1137 3831 1180 3884 est
1201 3827 1352 3884 seeundum

303 3918 510 3972 Avieennaru
526 3920 556 3970 ut
572 3916 727 3986 corrumpat
739 3913 956 3986 complexionem
971 3915 1082 3986 spiritus
1098 3913 1213 3969 membri
1228 3916 1255 3969 et
1265 3914 1352 3987 ipsius

304 4002 512 4072 humiditatem,
539 4001 639 4057 etheo
662 4001 726 4072 quia
749 4000 861 4055 dimittit
881 3999 1073 4055 humiditatem
1099 4001 1128 4053 in
1150 3999 1271 4055 membro
1295 4015 1353 4054 cor-

306 4091 429 4162 ruptam,
458 4104 542 4160 quare
568 4086 641 4142 calor
662 4085 795 4140 naturalis
820 4087 848 4139 iu
872 4101 904 4141 ea
925 4101 981 4140 non
1003 4086 1059 4157 agit
1081 4086 1145 4158 quia
1167 4085 1315 4141 destruitur
1337 4101 1353 4139 a

309 4175 440 4246 regimine
462 4174 549 4246 ipsius
572 4171 669 4227 caloris
692 4174 719 4227 61
740 4173 792 4226 1616
813 4170 880 4226 16611
895 4170 1019 4226 accidere
1040 4172 1066 4225 in
1083 4169 1205 4227 membro
1219 4169 1353 4227 foetorem
