2932 5626
640 539 828 603 ..6-

208 715 370 774 substantia.
407 713 483 772 Haec
504 717 570 771 6661
588 713 672 771 verha
687 714 805 770 Galeni
826 716 855 770 in
870 709 924 770 111⁰
946 714 1036 789 simpl.
1052 714 1125 771 med.
1143 731 1202 790 cap.
1220 714 1257 771 12

209 805 237 860 et
262 803 291 858 in
312 795 351 858 V⁰
379 800 505 873 ejusdem
531 816 591 875 cap.
609 793 682 875 9⁰⁰).
738 799 773 856 Et
804 801 827 856 si
858 803 1005 874 quaeratur
1036 817 1106 874 quae
1138 803 1180 857 est
1209 799 1259 856 illa

208 891 267 946 tota
293 886 461 958 substantia,
491 885 641 961 respondet
661 886 835 942 Avioenna
849 881 876 940 1⁰
896 885 966 943 libro
993 887 1037 942 sui
1060 886 1178 943 Oanouis
1204 885 1257 957 „de

208 990 240 1032 eo
263 972 339 1046 quod
361 971 512 1030 comeditur
533 976 562 1029 et
582 971 702 1029 bibitur⁰
732 970 825 1028 dicens
852 971 927 1045 quod
953 989 1005 1029 nec
1034 975 1077 1028 661
1102 970 1256 1046 complexio

210 1058 328 1133 simplex
349 1075 401 1115 666
416 1059 564 1115 commixta
586 1056 635 1114 sed
655 1060 697 1115 est
712 1056 847 1131 quaedam
861 1059 1014 1132 proprietas
1029 1057 1179 1114 adveniens
1194 1061 1259 1132 post

208 1144 428 1219 complexionem
457 1145 487 1200 in
512 1144 627 1200 16616116
657 1142 792 1217 disposita
823 1142 858 1198 ad
883 1144 971 1218 ipsius
998 1145 1203 1217 susceptionem
1229 1146 1258 1199 et

207 1229 373 1305 quandoque
395 1230 463 1286 haec
485 1229 636 1304 proprietas
663 1245 713 1285 666
735 1227 879 1303 dispositio
907 1231 949 1286 est
976 1232 1041 1303 apta
1063 1228 1098 1285 ad
1120 1228 1258 1302 agendum

208 1319 239 1372 ut
259 1317 288 1372 in
311 1315 455 1372 adamante
478 1318 506 1372 et
527 1314 664 1372 medicina
683 1314 845 1386 attrahente,
869 1313 1016 1388 aliquando
1039 1314 1074 1371 ad
1096 1315 1258 1389 patiendum

208 1405 239 1458 ut
259 1403 288 1458 in
302 1402 375 1459 16116
391 1405 439 1457 661
452 1401 566 1458 humore
588 1400 697 1457 ethaeo
713 1401 833 1473 operatio
848 1402 976 1474 provenit
995 1417 1029 1458 ex
1044 1401 1132 1457 torma
1155 1402 1259 1475 speciei

207 1489 293 1546 totius
314 1504 398 1562 quam
420 1487 620 1543 concomitatur
638 1487 791 1561 proprietas
814 1489 862 1541 661
876 1487 999 1559 sequitur
1022 1489 1049 1543 et
1070 1489 1183 1561 propter
1204 1486 1258 1542 hoc

208 1576 322 1630 vocatur
343 1576 401 1629 tota
416 1574 531 1647 speeies,
548 1588 598 1628 nec
620 1571 652 1628 fit
667 1573 788 1646 operatio
803 1573 887 1627 16166
906 1571 994 1629 forma
1009 1572 1138 1646 specifica
1160 1589 1258 1629 secun-

208 1659 273 1715 dum
295 1675 325 1716 se
340 1658 389 1715 sed
403 1658 435 1714 fit
457 1675 473 1714 a
487 1659 652 1732 proprietate
667 1674 737 1731 quae
760 1659 786 1713 ei
799 1658 871 1713 inest
886 1658 956 1713 sicut
972 1675 1086 1731 magnes
1102 1674 1158 1715 non
1173 1661 1258 1715 61116-

207 1745 248 1801 hit
268 1745 372 1801 1611661
398 1746 462 1817 qula
487 1760 614 1816 magnes,
642 1742 691 1800 sed
717 1744 913 1818 proprietatem
940 1746 1064 1818 propter,
1093 1761 1164 1818 quae
1184 1746 1258 1800 inest

206 1830 248 1887 illi
269 1830 387 1900 formae,
415 1833 442 1887 et
468 1829 520 1886 hoc
542 1828 680 1903 estquod
703 1829 768 1885 dicit
790 1829 965 1885 Avicenna
980 1822 1020 1885 V⁰
1041 1829 1160 1888 Cononis
1182 1829 1256 1903 quod

207 1917 311 1990 tyriaca
319 1910 355 1990 ⁰⁰)
381 1914 492 1987 quando
519 1918 561 1972 est
586 1916 616 1970 in
643 1916 720 1971 venis
747 1931 782 1970 ex
809 1916 967 1989 operatione
994 1918 1021 1971 et
1046 1915 1258 1972 fermentatione

207 2000 383 2058 miscibilium
406 2002 521 2073 acquirit
543 1999 681 2075 quandam
702 2000 820 2057 formam
840 2016 1012 2057 communem
1034 2017 1105 2073 quae
1127 2005 1169 2058 661
1191 2019 1258 2058 666-

207 2089 290 2143 traria
312 2087 386 2143 omui
399 2103 516 2159 veneno,
539 2103 595 2143 nou
618 2102 667 2161 per
680 2086 797 2142 formam
819 2103 898 2142 suam
920 2085 969 2143 sed
990 2104 1040 2161 per
1060 2089 1258 2162 proprietatem

207 2173 311 2229 iormae
338 2189 408 2246 quae
436 2176 478 2228 est
503 2172 656 2229 confortare
683 2188 729 2228 cor
755 2173 826 2228 sieut
852 2170 968 2228 dicimus
996 2171 1071 2245 quod
1096 2173 1179 2229 homo
1200 2190 1259 2229 uon

208 2261 250 2316 est
264 2258 410 2315 relativum
432 2256 467 2313 ad
481 2257 570 2314 filium
593 2259 658 2331 quia
672 2257 754 2314 homo
774 2256 824 2314 sed
847 2274 895 2331 per
910 2258 1048 2331 quandam
1062 2261 1258 2333 proprietatem

208 2343 262 2402 sibi
283 2342 335 2419 (ei)
358 2342 481 2400 additam
503 2360 541 2400 66.
565 2345 630 2416 quia
651 2346 693 2399 est
708 2345 794 2417 pater.
833 2342 878 2399 Sic
901 2345 984 2400 etiam
999 2344 1151 2418 intelligere
1173 2343 1259 2401 debe-

208 2447 269 2486 mus
292 2419 327 2487 de
349 2428 485 2486 medicina
502 2428 636 2486 liberante
659 2445 675 2484 a
695 2445 803 2485 veneno
825 2431 903 2485 extra
924 2431 1026 2503 posita3
1051 2430 1162 2486 attrahit
1183 2431 1259 2487 enim

208 2532 349 2572 venenum
370 2517 441 2571 intra
461 2516 581 2589 positum
602 2531 651 2588 per
665 2514 805 2587 quandam
820 2514 1041 2585 similitudinem3
1066 2515 1115 2572 sed
1137 2517 1166 2572 16
1181 2519 1260 2573 extra
1287 2545 1289 2548 ·

208 2603 298 2675 666116
324 2603 367 2658 661
390 2602 479 2656 virtus
505 2601 602 2658 1611161
628 2603 786 2674 6616661616
817 2599 852 2655 ad
878 2617 1016 2657 venenum
1041 2603 1169 2670 interius3
1197 2604 1259 2675 ipsa

208 2691 301 2745 166166
327 2689 373 2743 661
390 2703 542 2755 venenum,
571 2687 635 2760 quia
661 2687 684 2742 si
710 2687 747 2742 sit
771 2687 801 2741 16
826 2685 913 2742 multa
940 2688 1093 2758 quantitate
1118 2687 1258 2759 interficit,

209 2772 282 2829 unde
305 2771 449 2829 Galenus
472 2772 539 2828 dicit
559 2772 588 2827 in
602 2765 641 2827 V⁰
663 2770 754 2846 simpl.
775 2770 858 2843 med,
881 2771 955 2845 quod
976 2773 1039 2847 ipsa
1059 2776 1102 2829 est
1122 2766 1259 2848 media⁰⁰)

208 2860 279 2915 inter
294 2874 393 2933 corpus
416 2861 443 2914 et
456 2874 604 2928 venenum,
627 2857 702 2914 unde
717 2859 824 2931 oportet
845 2860 876 2912 ut
898 2859 932 2914 611
954 2859 983 2913 16
1004 2875 1090 2933 parva
1105 2860 1259 2932 quantitate

208 2946 240 2999 ut
261 2945 367 3018 corpori
388 2959 444 2999 non
466 2946 565 3001 noceat
586 2946 613 2999 et
640 2959 723 2999 causa
743 2943 820 2999 161116
842 2944 951 3000 virtutis
975 2942 1028 3018 [ut]
1050 2946 1079 3000 in
1097 2944 1258 3001 attrahendo

208 3046 346 3087 venenum
366 3030 561 3103 intrapositum
582 3045 639 3086 uon
661 3027 781 3086 deficiat.
817 3027 853 3084 Et
875 3030 899 3085 si
913 3045 1028 3103 quaeras
1051 3030 1124 3086 unde
1145 3031 1219 3086 inest
1233 3032 1259 3087 ei

208 3117 262 3172 ista
281 3116 369 3171 virtus
383 3114 478 3172 fortior
493 3113 555 3171 dico
570 3114 645 3188 quod
659 3117 735 3171 totus
750 3116 856 3189 scorpio
880 3117 922 3170 est
940 3115 1035 3172 1611161
1049 3132 1155 3172 veneno
1171 3116 1258 3172 611666

208 3217 258 3276 661
279 3218 360 3256 suum
374 3217 497 3258 morsum
518 3203 546 3257 61
568 3199 602 3256 61)
625 3199 686 3258 6166
708 3201 738 3256 16
759 3215 814 3273 quo
830 3203 943 3256 necatur
958 3203 1074 3275 acquirit
1090 3201 1260 3258 caliditatem

148 3353 152 3359 ι
204 3289 349 3360 juvantem
371 3285 407 3342 ad
429 3285 629 3344 extrahendum
655 3289 683 3342 et
708 3303 757 3361 per
783 3285 875 3342 oleum
903 3288 1007 3343 acuitas
1030 3289 1074 3343 sui
1095 3288 1196 3343 veneni
1217 3304 1259 3344 re-

207 3374 333 3447 primitur
354 3375 382 3428 61
403 3373 443 3428 616
465 3376 508 3429 661
528 3372 650 3428 medium
670 3372 742 3427 16161
765 3388 863 3447 661666
886 3374 913 3428 61
934 3388 1081 3428 venenum.
1127 3372 1260 3429 Similiter

208 3458 294 3532 adeps
317 3457 457 3515 crocodilli
479 3474 541 3514 cum
563 3459 598 3513 611
620 3458 729 3531 pinguis
752 3460 794 3513 est
807 3458 898 3514 minus
921 3465 1001 3514 acuta
1023 3474 1106 3531 quam
1120 3475 1259 3515 venenum

208 3545 336 3616 effusum,
359 3546 387 3600 et
406 3544 471 3616 quia
484 3543 573 3600 calida
588 3542 720 3615 adjuvant
742 3542 777 3599 ad
792 3544 982 3600 attractionem
1003 3542 1057 3619 (et)
1072 3547 1184 3618 6166161
1206 3544 1259 3601 hoc

207 3633 237 3686 in
258 3631 318 3687 istis
340 3630 515 3703 extrapositis
536 3633 579 3685 est
599 3630 687 3685 virtus
713 3631 791 3703 quasi
817 3630 906 3685 activa
934 3632 961 3685 et
987 3631 1016 3685 16
1041 3646 1148 3686 veneno
1174 3632 1259 3686 iutra-

208 3719 297 3790 posito
321 3718 363 3772 est
385 3716 463 3789 quasi
478 3716 589 3789 passiva
610 3718 637 3771 et
658 3714 728 3772 forte
743 3731 882 3772 venenum
904 3716 975 3771 iutra
997 3716 1118 3772 existens
1132 3718 1259 3772 movetur
1337 3752 1346 3769 .

209 3801 244 3856 ad
270 3817 407 3858 venenum
435 3803 513 3857 extra
538 3801 659 3875 positum
686 3802 757 3857 sicut
788 3817 852 3875 pars
885 3800 919 3856 ad
946 3818 1027 3857 suum
1051 3804 1155 3870 totum,
1184 3802 1259 3859 uude

209 3880 444 3943 1166111161161ο
473 3887 543 3943 coeli
573 3889 601 3943 et
626 3886 737 3957 mundi,
769 3885 816 3943 ubi
842 3887 1048 3943 Aristoteles
1079 3886 1178 3960 probat
1208 3889 1259 3943 im-

208 3970 339 4043 possibile
361 3988 422 4028 esse
444 3974 475 4027 ut
497 3988 596 4046 corpus
619 3971 738 4046 simplex
760 3973 796 4028 sit
817 3971 969 4043 infinitum,
992 3972 1071 4028 dicit:
1099 3990 1162 4047 pars
1185 3974 1259 4029 euim

208 4059 333 4113 movetur
354 4056 389 4113 ad
411 4060 500 4115 totum
521 4075 576 4115 non
595 4056 749 4114 secundum
771 4057 846 4131 quod
867 4060 910 4114 est
930 4060 1019 4114 totum
1041 4057 1090 4115 sed
1106 4057 1259 4115 secundum
