2932 5626
629 469 860 534 „100-

220 648 307 714 mate;
334 645 401 699 item
426 641 588 704 mundificat
615 645 776 717 sanguinem
802 644 955 701 secuudum
976 643 1068 704 Ario.
1082 644 1119 701 IV
1142 661 1202 718 cap.
1231 643 1269 701 de

221 746 286 786 cura
311 745 398 786 venae
423 728 538 786 mediae.
587 728 649 786 Non
674 729 780 804 indiget
804 732 958 804 repressivo
979 732 1033 787 nisi
1054 733 1166 804 propter
1187 747 1269 787 suam

220 817 367 872 acuitatem
393 816 524 871 miscetur
549 831 611 871 cam
638 816 747 890 amygd.
770 815 912 888 dulcibus,
939 816 1020 873 datur
1040 816 1076 872 de
1098 832 1131 873 eo
1152 817 1182 872 iu
1203 816 1269 890 pul-

219 917 284 959 vere
309 918 372 959 uno.
394 896 427 981 Ἰ,
457 901 609 957 secundum
634 901 723 972 Res,
750 903 779 956 in
806 902 967 959 decoctione
993 902 1033 958 dr.
1052 903 1085 973 7,
1113 901 1268 958 secundum

219 987 330 1045 hiesue
347 987 427 1043 datur
448 986 482 1044 de
503 1002 535 1043 eo
553 988 582 1042 in
597 987 743 1061 pulverea
762 987 802 1043 dr.
817 988 834 1044 3
851 1005 939 1061 usque
955 987 990 1044 ad
1003 989 1031 1059 7,
1053 989 1083 1043 in
1104 987 1268 1045 decoctione

219 1091 235 1129 a
257 1072 332 1130 dab
357 1073 500 1146 usquead
524 1071 573 1128 20.
597 1104 638 1114 —-

690 1330 794 1386 Esula

217 1457 302 1514 herba
327 1463 370 1514 est
396 1461 424 1514 et
446 1460 488 1514 est
509 1457 605 1513 similis
627 1456 793 1532 tithymallo‚
816 1457 900 1515 habet
921 1459 993 1514 enim
1015 1457 1057 1513 lac
1079 1459 1108 1512 in
1129 1457 1213 1530 virgis
1236 1461 1267 1514 et

216 1543 290 1599 foliis
313 1545 336 1599 si
350 1544 507 1600 incidantur
528 1547 576 1598 ant
590 1545 764 1617 rumpantur;
789 1547 832 1600 est
852 1547 945 1600 autem
967 1560 1006 1599 ca.
1030 1546 1058 1599 et
1080 1544 1143 1599 sico.
1167 1543 1196 1596 in
1220 1538 1265 1614 2⁰,

216 1631 307 1684 cutem
322 1629 413 1685 adurit
434 1632 462 1685 et
474 1630 584 1703 proprie
599 1632 659 1702 ejus
680 1629 723 1685 lac
738 1632 837 1703 purgat
852 1647 951 1703 aquam
966 1629 1090 1684 citrinam
1110 1630 1138 1684 et
1152 1627 1265 1701 flegma,

215 1713 290 1770 unde
311 1715 424 1789 prodest
446 1715 596 1786 arthetieis,
618 1715 776 1788 hydropicis
792 1719 820 1797 et
835 1714 978 1771 similibus.
1016 1714 1188 1770 Nocumenta
1202 1714 1266 1785 ejus

216 1802 280 1855 sunt
301 1802 435 1856 vomitum
457 1816 602 1873 procurare
625 1803 653 1856 et
673 1802 822 1856 tonsionem
844 1804 872 1856 et
894 1799 1127 1857 conturbationem
1154 1800 1184 1854 in
1207 1803 1265 1855 sto-

213 1885 310 1941 macho
333 1901 472 1958 generare.
516 1885 684 1960 Reprimitur
706 1888 799 1941 autem
821 1888 875 1941 sic:
899 1887 994 1959 accipe
1010 1886 1139 1941 corticem
1160 1884 1264 1942 radicis

214 1970 308 2026 esulae
330 1975 358 2027 et
378 1971 493 2026 infunde
515 1973 544 2026 in
571 1974 648 2027 aceto
674 1971 738 2026 forti
764 1974 877 2043 antiquo
903 1988 953 2044 per
974 1970 1045 2026 duos
1067 1970 1136 2041 dies,
1160 1969 1263 2027 deinde

214 2055 277 2111 lava
297 2056 340 2111 bis
355 2056 401 2112 vel
421 2060 463 2112 ter
484 2057 511 2110 in
528 2056 716 2130 aquatepida,
739 2058 812 2112 sicca
833 2057 983 2125 inumbra,
1007 2059 1064 2112 tere
1078 2057 1108 2111 in
1123 2058 1262 2127 mortario,

213 2157 269 2197 non
290 2145 382 2197 tamen
404 2141 509 2212 ultime,
532 2159 567 2198 ne
583 2142 731 2198 adhaereat
745 2143 886 2200 stomacho
902 2146 930 2198 et
943 2143 1091 2212 intestinis,
1114 2143 1264 2198 misceatur

213 2243 276 2281 cum
298 2243 331 2283 ea
351 2226 494 2297 bdellium,
518 2229 625 2283 anisum
647 2231 676 2284 et
697 2229 817 2283 masticis
840 2231 945 2283 tantum
969 2228 1004 2283 de
1024 2226 1151 2284 omnibus
1174 2243 1263 2300 quarr-

212 2315 271 2367 tum
293 2312 327 2369 de
349 2313 436 2383 esula,
459 2312 547 2369 forma
567 2312 719 2369 trochiscos
742 2329 805 2368 cum
827 2330 929 2387 syrupo
952 2312 1029 2384 vicl,
1058 2313 1139 2369 detur
1164 2315 1204 2368 sic
1227 2330 1263 2370 ea

212 2401 374 2471 praeparata
393 2400 474 2454 tertia
495 2415 558 2472 pars
580 2398 726 2454 drachmae
748 2400 830 2454 unius
853 2403 900 2454 aut
927 2399 962 2454 ad
983 2398 1047 2472 plus
1069 2398 1140 2454 duae
1161 2400 1261 2455 tertiae

211 2487 240 2539 et
260 2485 312 2539 iste
334 2483 433 2540 modus
455 2486 498 2539 est
519 2483 682 2540 comedendi
704 2500 813 2540 omnem
835 2487 955 2558 speciem
970 2483 1119 2558 tithymalli
1141 2486 1169 2539 et
1189 2483 1261 2540 haec

210 2568 348 2624 medicina
369 2569 525 2643 appellatur
546 2586 562 2624 a
581 2569 656 2625 Hali
675 2571 704 2625 in
719 2564 758 2623 ΙΙο
780 2570 814 2626 de
836 2571 919 2643 regali
939 2569 1121 2644 dispositione
1139 2571 1259 2641 jervam,

211 2654 245 2710 ab
261 2655 437 2710 Avicenna
459 2653 582 2711 scebran.
619 2654 749 2725 Electa,
773 2656 846 2728 quod
868 2656 967 2712 melius
990 2671 1044 2728 quo
1067 2656 1159 2710 omnia
1180 2654 1260 2712 lacti-

212 2740 283 2795 cinia
303 2741 489 2814 reprimuntur
518 2744 560 2796 est
583 2743 690 2796 acetum
712 2741 863 2797 secundum
885 2742 976 2796 Avic.
992 2740 1029 2795 Ill
1051 2756 1111 2813 cap.
1135 2740 1170 2796 de
1193 2757 1260 2798 cura

210 2819 380 2900 alchitis¹⁹⁶)
396 2841 492 2881 versus
507 2825 628 2882 medium
644 2829 672 2882 et
686 2828 835 2900 praecipue
849 2829 878 2881 in
900 2842 954 2899 quo
973 2827 1121 2897 jacuerunt
1142 2825 1260 2898 cydonia

209 2910 254 2966 vel
269 2910 361 2984 abqua
376 2910 429 2966 alia
444 2913 563 2986 pontica.
600 2912 675 2966 Dicit
696 2911 713 2966 J
719 2912 766 2967 oh.
784 2912 895 2968 hiesue
918 2911 1037 2985 capitulo
1053 2910 1087 2967 de
1102 2927 1259 2984 mezereon‚

210 2995 284 3068 quod
309 2995 447 3051 lacticinia
469 2996 615 3052 debilitant
636 3000 664 3052 et
686 2996 842 3053 dissolvunt
864 3015 914 3053 sua
936 2997 1074 3053 caliditate
1097 2999 1125 3052 et
1145 3001 1260 3071 propter

208 3080 260 3137 hoc
281 3081 382 3154 frigida
403 3084 513 3156 pontica
536 3085 601 3137 sunt
623 3084 826 3154 convenientia,
853 3082 928 3139 unde
955 3082 1128 3139 coriandrum
1156 3082 1260 3157 frangit

208 3166 345 3222 maliciam
367 3169 395 3223 et
417 3170 562 3223 acuitatem
585 3184 688 3238 eorum,
712 3172 740 3224 et
760 3170 789 3224 in
811 3169 863 3224 hoc
878 3184 950 3242 aqua
964 3167 1091 3224 endiviae
1112 3171 1155 3224 est
1175 3170 1258 3225 mira-

207 3251 279 3308 bilis.
324 3251 392 3308 Item
414 3252 587 3326 myrobalani
612 3257 677 3309 sunt
702 3255 731 3308 in
757 3254 810 3311 hoc
837 3253 981 3325 sublimes,
1009 3256 1037 3310 et
1059 3255 1083 3309 si
1105 3258 1260 3326 coquantur

208 3340 255 3393 aut
275 3337 457 3394 infundantur
479 3331 633 3415 ciconia⁸⁸)
653 3340 681 3394 in
705 3342 781 3395 aceto
804 3343 851 3395 aut
869 3338 990 3396 berberis
1005 3339 1157 3413 reprimunt
1178 3341 1258 3396 mali-

208 3424 278 3479 ciam
304 3425 332 3479 et
354 3425 378 3479 si
400 3440 435 3479 err
457 3427 534 3480 aceto
556 3424 702 3481 infusionis
724 3424 818 3482 esulae
840 3429 888 3481 aut
909 3425 1077 3481 decoctionis
1098 3426 1185 3498 ipsius
1208 3425 1259 3482 fiat

207 3525 325 3584 syrupus
348 3512 483 3580 acetosus‚
506 3511 664 3565 invenietur
686 3515 830 3584 expertum
849 3512 1049 3582 juvamentum.
1073 3542 1114 3551 —

603 3766 724 3823 Fumus
744 3769 853 3823 terrae

205 3909 287 3966 quem
308 3896 433 3950 nominat
454 3894 531 3951 Hali
553 3898 708 3968 satarcgum
729 3898 771 3952 est
791 3893 876 3951 herba
898 3894 997 3968 frigida
1018 3899 1046 3952 et
1068 3897 1140 3952 sicca
1161 3897 1190 3951 in
1212 3892 1256 3970 2⁰,

204 3983 297 4036 tamen
319 3981 471 4037 secundum
488 3980 601 4038 Mesae
623 3981 744 4038 declinat
764 3998 862 4055 parum
884 3980 919 4036 ad
942 3981 1110 4038 caliditatem
1131 3984 1256 4039 existen-
