2932 5626
349 769 417 823 nuat
448 768 602 840 grossitiem
635 783 750 826 corneae
777 771 805 825 et
830 768 935 826 confert
956 769 1089 843 albugini,
1120 770 1242 827 subtiliat
1269 772 1394 828 enimet

349 853 471 924 resolvit,
488 853 618 926 abstergit
637 857 665 911 et
679 855 767 928 aperit
782 856 841 911 sine
856 854 1061 912 mordicaticne.
1083 888 1124 898 -
1146 856 1393 914 Attramentum

349 939 456 996 confert
477 941 617 1014 asperitati
637 939 839 1015 palpebrarum.
864 972 904 981 -
925 940 1020 1015 Aque
1041 941 1141 1015 frigida
1162 942 1236 998 clara
1258 943 1393 1000 confortat

349 1025 459 1082 oculum
481 1025 654 1082 submersum
675 1029 704 1082 in
731 1043 764 1083 ea
786 1030 814 1084 et
834 1026 975 1083 humectat
1002 1027 1037 1083 ab
1064 1045 1105 1084 ea.
1141 1059 1182 1070 -
1215 1029 1392 1086 Amanium

349 1114 456 1169 coctum
482 1112 668 1168 embrccatum
694 1113 800 1169 confert
826 1112 986 1184 obtalmiee,
1015 1113 1139 1169 subtiliat
1161 1115 1243 1185 enim,
1272 1116 1393 1172 exsiccat

348 1201 376 1254 et
397 1200 523 1253 maturat.
547 1229 588 1239 —
610 1198 675 1253 Asa
697 1200 720 1254 si
742 1215 805 1254 cum
827 1215 860 1255 ea
880 1199 930 1255 fiat
951 1199 1050 1255 alcofcl
1073 1199 1178 1256 confert
1196 1202 1224 1256 in
1238 1201 1326 1257 initio.
1350 1233 1391 1242 —-

347 1284 443 1358 Aqua
469 1284 564 1339 incidit
594 1286 621 1340 et
648 1283 761 1340 resolvit
782 1288 810 1341 et
831 1284 977 1358 disrumpit
997 1287 1185 1342 ventositates.
1210 1317 1250 1326 -
1273 1285 1392 1360 Apinm

347 1369 529 1426 domesticum
551 1369 758 1443 emplastratum
780 1370 885 1426 confert
908 1369 996 1427 dolori
1018 1370 1161 1427 oculorum
1183 1372 1248 1444 quia
1268 1372 1390 1443 resolvit,

347 1457 434 1530 aperit
449 1458 476 1511 et
491 1453 579 1513 sedat.
601 1488 642 1495 —
665 1454 750 1510 Azul
761 1449 797 1528 68)
813 1459 855 1512 est
869 1454 997 1511 ultimum
1010 1457 1040 1511 in
1054 1456 1225 1513 fortificando
1240 1457 1311 1532 pilos
1332 1458 1392 1531 pal·

346 1542 492 1616 pebrarum
515 1543 542 1597 et
563 1540 752 1614 prolongando
775 1557 823 1598 eos
846 1544 873 1597 et
895 1542 1054 1598 evacuando
1070 1541 1198 1598 humores
1214 1542 1391 1617 prohibentes

346 1630 437 1684 ortum
456 1627 582 1701 pilorum.
605 1659 646 1668 —
668 1626 855 1700 Amygdala
868 1629 959 1683 visum
975 1627 1120 1700 confortat,
1143 1628 1305 1685 mundificat
1319 1630 1393 1686 enim

346 1716 374 1770 et
396 1713 527 1786 abstergit
548 1715 575 1768 et
597 1715 685 1787 aperit
706 1715 734 1768 et
755 1714 864 1788 proprie
886 1729 986 1770 amera.
1014 1745 1054 1755 —
1090 1713 1242 1788 Amylum
1264 1713 1392 1788 prohibet

346 1816 456 1855 cursum
478 1800 601 1854 materiei
627 1797 662 1854 ad
684 1798 796 1855 oculum
817 1816 868 1854 sua
888 1798 1046 1872 frigiditate,
1069 1798 1137 1855 lenit
1158 1801 1240 1856 etiam
1262 1803 1290 1856 et
1311 1817 1392 1855 mun·

345 1884 446 1941 dificat.
482 1915 522 1926 —
556 1884 638 1940 Alco
661 1884 767 1941 confert
787 1884 925 1942 ulceribus
948 1885 1020 1941 oculi
1041 1888 1069 1941 et
1091 1885 1306 1959 apostematibus
1329 1888 1391 1958 ejus

344 1975 371 2027 et
393 1969 532 2027 doloribus
560 1971 648 2043 ipsius
675 1972 704 2026 et
731 1972 822 2026 cursui
850 1970 944 2044 anguli
968 1970 1133 2045 lacrymulis⁷
1167 1972 1288 2027 exsiccet
1314 1973 1389 2028 enim

342 2055 535 2112 humiditatem
558 2058 618 2127 ejus
641 2058 668 2112 et
689 2056 799 2130 repellit
814 2061 864 2111 sua
879 2057 1047 2129 stypticitate
1070 2060 1098 2113 et
1118 2074 1173 2113 non
1188 2057 1330 2113 mordicat.
1347 2089 1388 2098 -

342 2143 454 2216 Adeps
477 2143 580 2216 piscis
608 2141 713 2197 confert
739 2158 827 2214 aquae
849 2141 922 2197 oculi
943 2146 971 2198 et
992 2144 1065 2198 acuit
1086 2144 1186 2197 visum.
1209 2174 1250 2183 -
1273 2143 1390 2216 Adeps

342 2230 477 2302 viperae
499 2243 594 2283 recens
617 2227 723 2283 confert
743 2244 844 2300 pennu.
868 2260 909 2268 -
930 2226 1029 2284 Altea
1054 2227 1167 2284 resolvit
1200 2230 1336 2284 tumorem
1362 2232 1391 2285 et

341 2314 512 2370 inflationem
543 2311 734 2387 palpebrarum
759 2312 932 2383 resolvendo,
966 2312 1164 2385 mollificando,
1198 2312 1327 2370 leniendo
1362 2318 1390 2370 et

341 2399 513 2456 maturando.
547 2431 588 2440 -
620 2398 825 2454 Affcdillus:
854 2415 953 2454 succus
975 2399 1074 2454 radicis
1096 2400 1156 2470 ejus
1178 2401 1289 2473 potatus
1308 2401 1391 2472 juvat

342 2486 453 2543 oculum
476 2485 656 2558 abstergendo
671 2484 834 2541 resolvendo
857 2487 885 2540 et
900 2484 1085 2541 calefaciendo
1108 2487 1136 2540 et
1158 2484 1331 2541 exsiccando.
1349 2517 1390 2526 -

342 2572 482 2628 Acetum
504 2587 567 2626 cum
587 2570 669 2626 melle
685 2570 774 2626 aufert
788 2572 951 2642 sanguinem
973 2569 1024 2626 sub
1040 2570 1119 2626 oculo
1143 2571 1319 2642 occultatum,
1343 2587 1391 2628 ex-

342 2659 426 2713 siccat
447 2658 520 2712 euim
542 2659 570 2711 et
591 2654 717 2730 prohibet
738 2656 902 2712 effusionem
923 2658 1106 2727 materierum,
1130 2658 1189 2728 ejus
1212 2659 1305 2712 tamen
1322 2658 1391 2737 assi-

342 2743 435 2799 duatio
458 2741 584 2798 debilitat
604 2744 703 2797 visum.
728 2773 768 2783 -
791 2742 917 2797 Aurum
939 2743 968 2798 iu
991 2741 1092 2798 alcoful
1107 2743 1228 2815 positum
1254 2742 1392 2799 confortat

340 2831 440 2899 visum,
463 2828 577 2901 aequale
599 2829 628 2883 in
650 2827 847 2900 complexione,
871 2827 971 2883 subtile
993 2829 1022 2883 in
1044 2829 1211 2901 operatione.
1239 2859 1280 2867 —
1312 2827 1391 2884 Bal-

342 2932 450 2970 samus
466 2914 596 2986 abstergit
609 2929 733 2987 pennum
751 2915 779 2968 et
793 2914 902 2986 proprie
918 2913 1009 2968 oleum
1024 2915 1093 2984 ejus.
1117 2945 1158 2954 -
1180 2913 1309 2970 Bulbus
1328 2915 1347 2973 i.
1365 2931 1390 2970 e.

342 3017 426 3075 cepae
449 3017 511 3056 cum
531 3002 608 3056 aceto
624 3002 652 3054 et
667 2998 762 3055 vitello
785 3000 830 3054 cvi
846 2998 953 3054 confert
967 2998 1183 3072 apostematibus
1197 2999 1391 3072 lacrymarum.

341 3119 382 3128 -—
404 3079 595 3160 Batheca⁸⁶)
611 3086 628 3140 i.
646 3101 670 3143 e.
686 3083 758 3141 melo
776 3085 959 3140 saracenicus:
984 3088 1077 3140 cortex
1096 3086 1157 3156 ejus
1173 3101 1257 3158 super
1270 3084 1392 3142 frontem

341 3174 448 3247 positus
480 3170 608 3245 prohibet
633 3171 740 3226 fluxum
764 3169 835 3225 fumi
868 3169 903 3224 ed
931 3169 1042 3226 oculum
1068 3187 1118 3225 sua
1152 3169 1309 3242 frigiditate.
1349 3203 1392 3212 —

340 3259 568 3331 Bessegassen
590 3259 608 3313 i.
625 3273 649 3313 θ.
674 3254 846 3312 coriandrum
868 3255 944 3328 putei
966 3259 1008 3311 est
1022 3254 1108 3311 herba
1123 3255 1220 3311 similis
1236 3256 1391 3325 coriandro,

341 3348 383 3400 est
403 3344 476 3401 bona
498 3343 584 3399 oculis
606 3340 715 3416 quando
737 3343 809 3396 inest
831 3334 985 3415 algarabffl)
1012 3343 1077 3414 qnia
1102 3341 1229 3411 resolvit,
1264 3340 1391 3398 subtihat

341 3433 368 3486 ct
390 3431 477 3504 aperit
499 3432 527 3485 et
549 3445 599 3484 sua
621 3428 792 3501 stypticitate
813 3425 919 3481 fluxum
941 3426 1076 3499 prohibet.
1103 3459 1138 3468 —
1164 3427 1304 3482 Oitrum:
1330 3429 1393 3499 ejus

341 3532 438 3572 succus
462 3517 588 3570 acetosus
603 3516 725 3570 removet
746 3513 891 3568 icteritiam
907 3511 989 3583 oculi,
1012 3515 1055 3569 est
1070 3512 1143 3568 enim
1162 3513 1299 3586 stypticus
1315 3512 1393 3570 fran-

340 3618 407 3675 gens
430 3601 548 3658 coleram
569 3599 692 3655 rubeam.
727 3630 768 3639 -
801 3597 926 3654 Gerusa
946 3596 1075 3671 plumbi
1098 3597 1204 3654 confert
1225 3600 1394 3671 apostemati

341 3688 413 3744 oculi
433 3687 571 3761 repellens
600 3703 650 3741 sua
670 3684 820 3758 frigiditate
848 3686 875 3740 et
901 3700 1067 3740 consumens
1100 3699 1150 3739 sua
1182 3684 1314 3740 siccitate.
1352 3716 1390 3726 -

341 3772 539 3830 Gamcmilla
561 3774 640 3827 sanat
655 3762 810 3844 algarab⁸⁷)
833 3770 856 3825 si
879 3786 913 3825 ex
932 3785 965 3825 ea
979 3768 1027 3824 fiat
1042 3769 1234 3842 emplastrum:
1258 3771 1301 3824 est
1316 3771 1393 3828 enim

341 3860 474 3932 aperitiva
507 3861 534 3914 et
567 3856 711 3913 subtihans
742 3872 804 3910 cum
833 3855 952 3929 quadam
977 3855 1144 3911 resolutione
1174 3857 1201 3910 et
1222 3854 1328 3928 absque
1350 3859 1393 3913 at-

340 3945 481 4000 tractione.
504 3977 545 3984 —
568 3942 656 4016 Cepe
679 3944 876 3998 comestum:
901 3956 998 3996 succus
1021 3943 1081 4014 ejus
1104 3939 1211 3997 confert
1232 3956 1320 4013 aquae
1343 3941 1393 4000 de·

342 4028 485 4085 scandenti
505 4030 534 4084 in
557 4028 667 4085 oculum
690 4032 717 4084 et
744 4025 876 4100 abstergit
898 4028 988 4082 visum
1011 4029 1038 4082 et
1060 4043 1095 4082 ex
1117 4027 1220 4082 semiue
1243 4027 1304 4098 ejus
1327 4043 1394 4086 cum

341 4114 434 4185 melle,
457 4116 480 4170 si
502 4131 536 4171 ex
558 4131 590 4171 eu
613 4112 713 4171 alcofcl
734 4113 791 4185 fiat,
816 4111 922 4170 confert
942 4111 1073 4185 albugini,
1097 4111 1220 4168 subtiliat
1241 4113 1326 4185 enim,
1348 4114 1392 4171 in·
1441 4120 1445 4129 '
