2932 5626
689 424 836 482 -XlV
882 456 918 482 -.-

284 593 374 662 Spalte
394 593 419 662 l)
449 592 584 661 empfiehlt
610 609 638 646 er
664 610 696 645 zu
720 592 819 646 diesem
838 591 944 645 Zweclre
973 591 1015 644 die
1043 594 1122 644 unter
1149 591 1208 644 dem
1232 590 1333 643 Namen

286 680 458 734 theodoricou
486 681 642 748 empiriston
668 680 800 733 bekannte
821 679 971 749 Mischung‚
1000 679 1044 731 ein
1062 678 1212 732 virhsames
1231 678 1333 744 laxans,

285 769 343 822 dem
371 769 410 821 als
434 768 588 837 specifische
607 768 740 837 Wirkung
758 768 826 820 auch
843 765 1034 837 nachgerdhmt
1052 767 1130 832 vird,
1158 766 1219 820 dass
1239 782 1267 818 es
1287 767 1334 818 ein

284 856 474 910 vortreffliches
486 856 636 910 Reizmittel
655 857 734 909 hezw.
754 856 931 924 analepticum
950 855 997 908 sei.
1028 854 1063 906 Er
1081 858 1153 923 sagt:
1172 854 1238 908 Item
1255 856 1334 908 habet

284 928 367 997 unudi
394 945 523 1012 speciale,
559 944 660 997 scilicet
691 944 795 1011 quando
824 944 941 1012 palatum
969 959 1002 995 ex
1032 959 1064 996 eo
1091 944 1199 996 fricatur
1226 943 1334 996 attrahit

286 1032 411 1100 phlegma
429 1049 445 1084 a
463 1033 549 1101 capite
569 1036 594 1085 et
612 1032 673 1085 ideo
692 1031 763 1085 valet
780 1033 808 1083 in
827 1032 964 1101 lethargia,
982 1031 1054 1104 unde
1072 1031 1106 1083 ad
1125 1032 1333 1100 experimentum

284 1124 393 1173 vocatus
416 1120 456 1172 hri
477 1120 511 1173 ad
534 1119 664 1188 quandam
684 1120 819 1173 mulierem
837 1136 904 1188 quae
920 1119 974 1188 jam
993 1120 1117 1173 amiserat
1134 1120 1277 1187 loquelam,
1304 1122 1335 1171 ut

283 1212 457 1261 restaurarem
476 1208 501 1261 ei
519 1209 665 1276 loquelam,
688 1208 720 1260 ad
744 1212 850 1276 tempus
869 1208 960 1261 fricavi
978 1208 1096 1276 palatum
1115 1223 1173 1261 cum
1193 1223 1223 1260 eo
1242 1210 1270 1260 et
1287 1207 1335 1259 ali-

285 1296 440 1363 quantulum
468 1297 547 1365 posui
577 1297 608 1349 de
637 1296 800 1349 diacastoreo
826 1300 852 1349 et
879 1297 1045 1364 recuperavit
1068 1295 1200 1363 loquelam
1224 1295 1335 1348 etfacit

284 1387 471 1437 testamentum
490 1399 565 1437 suum
585 1388 611 1437 et
630 1387 732 1437 mortua
750 1385 808 1437 fuit.
839 1383 905 1437 Eine
924 1385 1022 1437 andere
1034 1384 1204 1452 hlittheilung
1222 1399 1270 1436 aus
1289 1383 1336 1435 der

283 1472 375 1525 Praxis
388 1471 493 1524 bezieht
506 1471 561 1524 sich
575 1471 623 1524 auf
635 1472 686 1524 den
699 1471 824 1524 Aderlass
838 1487 885 1524 aus
904 1471 956 1524 den
973 1487 1055 1525 venae
1074 1471 1167 1538 palati.
1198 1470 1238 1522 Da
1251 1471 1335 1523 heisst

285 1574 313 1612 es
334 1559 380 1627 (im
396 1559 504 1627 Kapitel
523 1575 591 1626 quae
610 1575 691 1612 venae
710 1563 773 1612 sunt
791 1559 1027 1627 phlebotomandae
1045 1559 1090 1612 fol.
1105 1559 1173 1612 2571>
1195 1558 1286 1627 Spalte
1297 1557 1352 1621 ἳ);1

284 1647 315 1701 In
333 1648 422 1716 palato
442 1650 506 1699 sunt
524 1651 636 1715 quatuor
653 1663 736 1700 venae
755 1664 821 1716 quae
840 1648 864 1700 si
880 1648 1033 1716 aperiantur
1050 1647 1139 1700 valent
1158 1645 1242 1698 fluxui
1260 1647 1335 1699 rheu-

285 1735 362 1788 matis
382 1735 415 1788 ad
435 1735 529 1788 dentes
548 1735 577 1787 in
600 1736 639 1788 eis
658 1735 779 1788 facientis
799 1735 924 1788 dolorem.
955 1735 1032 1788 Unde
1051 1735 1182 1802 quandam
1201 1735 1334 1787 mulierem

285 1823 375 1875 curavi
393 1839 441 1891 per
456 1821 507 1875 hoc
525 1824 595 1889 quod
614 1823 729 1875 habebat
747 1824 865 1877 dolorem
883 1824 912 1877 in
930 1823 1054 1876 dentibus
1075 1839 1107 1875 ex
1125 1822 1199 1875 fluxu
1216 1823 1336 1875 rheuma-

285 1911 320 1964 tis
343 1911 377 1963 ad
406 1911 479 1963 illum
504 1911 602 1975 locum3
627 1912 710 1979 primo
735 1915 825 1964 tamen
847 1912 925 1980 posui
946 1912 1127 1979 repercussiva
1146 1914 1172 1963 ct
1190 1910 1337 1963 restrictiva

284 1998 373 2052 fluxus
387 2003 414 2052 et
434 1998 501 2051 nihil
522 1999 636 2067 profuit,
664 1999 761 2052 deinde
789 1999 936 2067 mitigativa
958 2002 986 2050 et
1009 1998 1076 2052 nihil
1099 1998 1211 2067 profuit,
1239 1998 1336 2050 deinde

279 2088 443 2140 maturativa
466 2092 494 2140 et
516 2087 584 2139 nihil
609 2087 723 2154 profuit,
750 2091 843 2156 postea
869 2087 922 2139 leci
949 2102 1005 2139 eam
1033 2086 1117 2139 minui
1145 2087 1177 2139 de
1205 2083 1338 2153 cephalica

287 2180 314 2229 et
331 2179 426 2244 postea
445 2191 493 2245 ego
512 2174 562 2228 feci
581 2176 679 2243 aperiri
697 2175 757 2228 illas
776 2179 889 2242 quatuor
907 2190 988 2227 venas
1008 2177 1035 2226 et
1058 2178 1148 2228 curata
1170 2173 1228 2226 fuit
1265 2171 1336 2224 Eud·

286 2263 338 2316 lich
371 2264 463 2316 deutet
489 2260 573 2316 Littrd
601 2263 670 2316 n'och
699 2262 746 2315 auf
776 2263 856 2316 einen
888 2263 990 2315 vierten
1017 2262 1208 2315 casuistischen
1238 2261 1336 2314 Passus

288 2351 344 2417 hin,
370 2351 483 2403 namlich
510 2351 557 2402 auf
578 2351 620 2403 die
641 2349 817 2420 Behandlung
845 2352 874 2404 iu
897 2352 981 2404 einem
1004 2351 1076 2404 Falla
1103 2367 1155 2404 von
1178 2350 1271 2418 Lepra,
1298 2365 1336 2402 vo

289 2455 317 2492 es
348 2441 387 2505 (in
419 2439 477 2491 dem
506 2438 612 2506 Kapitel
645 2439 768 2506 „quando
800 2437 857 2492 fieri
885 2439 979 2492 debeat
1005 2439 1171 2492 ventosatio“
1198 2439 1244 2491 fol.
1264 2437 1332 2492 259,

288 2527 378 2596 Spalte
391 2525 418 2594 2)
437 2526 533 2578 heisst:
552 2525 760 2596 Hieralogodion
779 2530 820 2579 est
838 2527 1006 2580 securissima
1023 2527 1052 2578 in
1072 2526 1159 2580 scabie
1177 2528 1287 2593 antiqua
1306 2541 1338 2577 ex

288 2616 437 2685 phlegmate
462 2618 488 2667 et
511 2614 685 2667 melancholia
793 2614 825 2667 de
851 2615 897 2668 illa
920 2614 982 2667 dedi
1005 2615 1085 2667 semel
1105 2613 1173 2667 dni
1192 2630 1251 2667 cum
1269 2614 1336 2666 dr.l

289 2704 430 2772 pilularum
450 2718 587 2755 aurearum
608 2707 636 2754 et
654 2701 692 2754 dr.
709 2702 721 2753 l
740 2703 901 2776 hierapicrae
921 2702 1025 2756 cuidam
1045 2703 1091 2771 qui
1110 2703 1162 2756 sibi
1179 2704 1289 2756 timebat
1306 2701 1338 2754 de

290 2792 371 2860 lepra.
400 2790 455 2842 XX
469 2790 547 2843 sellas
561 2789 662 2854 hahuit,
681 2792 853 2844 evacuatione
872 2792 940 2844 iacta
958 2807 974 2844 a
992 2795 1083 2844 ventre
1102 2791 1195 2844 habuit
1212 2790 1337 2843 vomitum

289 2879 414 2933 materiae
432 2878 525 2932 viridis
544 2878 620 2931 valde
639 2877 674 2930 ad
692 2879 797 2932 modum
815 2879 913 2932 herbae
932 2879 1032 2944 viridis,
1051 2879 1122 2931 unde
1140 2894 1219 2931 unam
1237 2879 1336 2946 pintam

288 2973 315 3021 et
328 2969 388 3037 plus
402 2971 428 3020 et
448 2966 574 3020 tendebat
593 2967 641 3019 illa
657 2968 768 3020 materia
785 2969 819 3020 ad
838 2968 970 3035 quandam
988 2966 1168 3035 nigredinem3
1187 2966 1260 3034 lepra
1278 2965 1335 3034 ejus

289 3057 340 3109 fuit
357 3055 465 3124 palliata
483 3071 530 3123 per
547 3058 601 3107 tres
619 3069 704 3108 annos
724 3060 751 3108 et
767 3061 860 3124 postea
878 3056 1010 3124 apparuit.

359 3143 452 3197 Nehen
470 3142 557 3196 dieser
574 3142 741 3210 practischen
759 3144 814 3197 und
827 3143 1101 3197 schriltstellerischen
1118 3142 1164 3195 hat
1182 3141 1220 3194 St
1234 3140 1336 3193 Amand

290 3233 423 3286 vielleicht
441 3230 507 3283 auch
525 3229 745 3300 vordbergehend
763 3233 792 3284 in
808 3232 882 3285 Paris
901 3232 960 3285 eine
979 3230 1191 3299 Lehrthstigkeit
1208 3230 1337 3283 entialtet.

289 3321 462 3389 Wenigstens
481 3319 545 3371 vird
565 3318 621 3372 dies
639 3335 692 3372 von
709 3319 817 3373 Chomel
835 3321 991 3388 hehauptet3
1010 3321 1039 3372 in
1057 3320 1130 3371 einer
1147 3318 1271 3386 Ausgabe
1290 3319 1337 3370 der

290 3408 387 3461 Werlre
407 3409 453 3461 des
466 3406 527 3460 Joh.
540 3407 630 3460 Mesua
647 3409 710 3472 (von
724 3407 800 3472 1539)
818 3406 923 3477 figurirt
941 3424 969 3461 er
987 3423 1064 3478 sogar
1081 3407 1111 3459 in
1123 3407 1170 3459 der
1182 3405 1337 3474 Einleitung

289 3497 329 3550 als
349 3497 456 3561 ,doctor
474 3495 673 3549 suavissimus“.
703 3495 753 3547 Ein
766 3496 906 3564 Exemplar
921 3497 1007 3549 seiner
1020 3494 1228 3549 Concordauciae
1248 3493 1336 3546 wurde

290 3601 312 3638 s.
325 3585 353 3637 Ζ.
372 3585 400 3637 in
419 3584 465 3637 der
483 3584 586 3636 Pariser
605 3583 741 3636 Sorhonne
762 3584 791 3636 in
809 3584 955 3637 besondere
973 3582 1155 3653 Verwahrung
1172 3596 1336 3650 genommen.

290 3652 357 3741 lllov
368 3677 428 3742 sagt
437 3671 561 3725 hierfiber
570 3672 598 3724 in
610 3672 709 3724 seinem
720 3671 899 3726 Dictionnaire
911 3672 1066 3739 historique,
1079 3670 1127 3724 das
1140 3669 1338 3739 hauptsachlich

291 3777 338 3814 aus
361 3761 514 3831 Manget's1)
540 3760 693 3813 bekannten
719 3759 736 3811 4
758 3759 958 3814 Folio-Binden
986 3759 1032 3812 der
1053 3759 1234 3825 „Bibliotheca
1258 3758 1338 3825 scrip-

364 3937 383 4004 ¹)
402 3938 462 3992 Wie
475 3937 597 3990 hritilrlos
611 3935 738 4006 ibrigens
756 3936 824 3990 auch
841 3935 928 3990 dieser
939 3933 1023 3990 Autor
1039 3934 1163 4002 veriihrt‚
1181 3934 1228 3986 der
1241 3934 1338 3987 seiner-
