2932 5626
633 477 842 540 ..64-

212 654 272 707 turn
306 667 367 706 cum
395 650 575 724 hydromellc.
611 684 651 694 —
683 652 936 709 Ammoniacum
963 654 1111 726 utrumque
1131 658 1265 728 provocat

212 736 390 794 vehementer
410 739 450 793 ita
472 738 546 810 quod
568 737 716 812 aliquando
738 738 805 794 facit
826 740 947 813 mingere
970 740 1133 812 sanguinem
1154 742 1183 796 et
1203 740 1263 798 foe·

211 826 270 879 tum
287 825 361 896 ejicit
375 827 520 879 mortuum.
544 856 585 864 —
608 824 735 881 Acorus
750 826 897 898 utrumque
915 827 1055 900 provocat.
1073 857 1114 865 —
1128 825 1261 883 Aristo-

211 908 323 966 lochia
345 912 490 983 utrumque
512 911 644 983 provocat
672 913 783 966 etcum
804 911 915 984 myrrha
936 913 964 967 et
985 911 1079 984 pipere
1101 911 1264 968 mundificat

211 996 352 1051 matricem
375 997 562 1069 parturientis,
584 999 725 1052 menstrua
746 999 878 1069 provocat
900 999 927 1053 et
948 996 1067 1053 extrahit
1088 996 1201 1053 foetum.
1219 1029 1262 1039 —

211 1081 279 1136 Asa
300 1084 446 1155 utrumque
468 1085 608 1155 provocat.
632 1114 672 1123 -
694 1082 817 1156 Apium
845 1084 992 1155 utrumque
1019 1085 1150 1157 prouocat
1172 1086 1200 1139 et
1222 1087 1266 1139 est

210 1166 313 1222 malum
330 1169 499 1241 praegnanti.
517 1200 557 1208 -
572 1161 701 1241 Azul⁶⁸)
717 1170 848 1241 provocat
862 1171 1003 1224 menstrua
1017 1167 1194 1225 sufficienter.
1220 1200 1262 1210 -

211 1252 393 1326 Amygdala
415 1270 523 1309 amara
543 1256 675 1327 provocat
701 1255 807 1309 urinam
829 1256 857 1310 et
877 1270 958 1311 renes
980 1253 1139 1310 mundificat
1167 1259 1196 1310 et
1217 1271 1262 1311 se-

211 1332 332 1393 cundum
354 1339 427 1394 Res.
444 1339 489 1394 Ill.
506 1339 579 1394 Alm.
604 1339 683 1395 sedat
704 1339 828 1397 ardorem
856 1341 950 1396 urinae
971 1343 999 1396 et
1020 1341 1138 1396 maxime
1164 1356 1262 1396 recens

210 1427 321 1497 propter
341 1426 522 1498 aquositatcm
538 1425 690 1481 secundum
711 1425 807 1481 Isaac
828 1426 858 1482 in
880 1425 969 1481 dietis
993 1456 1034 1466 —
1056 1424 1263 1481 Abrotanum

210 1513 356 1584 utrumque
371 1513 504 1584 provocat
518 1513 546 1566 ct
559 1510 665 1567 foetum
680 1511 764 1582 ejicit.
790 1543 824 1551 -
851 1511 978 1567 Allium
1001 1513 1146 1585 utrumque
1160 1527 1262 1585 provo-

210 1600 254 1651 cat
284 1600 312 1652 et
337 1596 455 1652 extrahit
483 1596 662 1652 secundinam
691 1598 774 1653 etiam
796 1598 1009 1672 superpositum.
1043 1628 1085 1637 —
1117 1596 1262 1655 Altheae

210 1682 290 1737 radix
313 1682 418 1738 confort
440 1681 598 1738 difficultati
619 1684 723 1739 urinae.
747 1713 788 1724 -
811 1682 1003 1738 Aifodillus
1029 1685 1175 1756 utrumque
1197 1699 1262 1756 pro-

208 1771 297 1824 vocat.
328 1799 363 1807 -—
393 1768 555 1840 Agaricus
578 1771 725 1842 utrumque
746 1771 879 1842 provocat
900 1771 928 1824 et
949 1767 1030 1824 datur
1055 1785 1154 1824 aureus
1177 1786 1261 1840 unus

149 1862 151 1867 '
208 1852 283 1909 valet
297 1853 495 1926 praefocationi
509 1855 639 1909 matricis.
663 1886 704 1894 -
726 1853 918 1926 Bethfagen
939 1855 957 1910 i.
971 1870 995 1910 e.
1012 1853 1127 1927 capillus
1142 1853 1261 1910 Veneris

209 1942 355 2012 utrumque
378 1942 510 2013 provocat
533 1942 560 1996 ct
581 1939 684 2012 frangit
705 1939 834 2013 lapidem.
859 1971 899 1980 -
922 1940 1056 1996 Blattae
1077 1938 1261 2013 byzantiae

209 2024 398 2097 suffumigatae
421 2027 543 2081 excitant
559 2025 700 2081 mulierem
716 2024 902 2099 praefocatam
922 2042 957 2082 ex
972 2026 1094 2082 matrice.
1121 2057 1156 2065 —
1182 2025 1261 2081 Bal-

209 2127 317 2166 samus
340 2114 485 2184 utrumque
507 2114 640 2184 provocat
661 2113 688 2167 et
709 2114 872 2184 vaporatum
901 2112 1022 2168 exsiccat
1043 2111 1193 2182 matricem,
1217 2128 1261 2168 se-

209 2196 357 2252 cundinam
387 2199 414 2252 et
442 2196 620 2269 embryonem
647 2196 767 2252 extrahit
794 2196 979 2253 calefaciendo
1008 2199 1035 2253 et
1057 2196 1206 2270 aperiendo
1229 2214 1261 2253 os

208 2284 335 2337 matricis.
361 2316 399 2326 -
424 2282 609 2355 Coagulum
625 2284 800 2356 suppositum
822 2285 886 2356 post
900 2283 1090 2356 purgationem
1106 2285 1261 2338 menstruo-

208 2385 268 2423 rum
290 2369 370 2438 juvat
393 2367 427 2423 ad
450 2368 696 2441 impraegnandum
723 2371 750 2424 et
771 2370 881 2442 proprie
905 2368 1069 2424 camelinum
1091 2371 1119 2424 ct
1139 2368 1262 2424 hocest

208 2453 279 2509 torte
307 2453 388 2509 valde
416 2454 561 2527 coagulum
582 2454 684 2527 leporis
707 2457 735 2510 et
757 2457 800 2510 est
821 2456 972 2528 expertum.
999 2486 1036 2494 -
1061 2453 1262 2511 Camomilla

210 2542 356 2612 utrumque
389 2543 521 2614 provocat
551 2542 579 2595 et
609 2539 702 2595 educit
731 2539 911 2595 secundinum
941 2543 969 2596 et
1001 2539 1187 2613 embryonem.
1218 2571 1261 2580 -

209 2625 307 2698 Cepe:
332 2642 402 2698 aqua
425 2627 484 2697 ejus
507 2628 638 2699 provocat
658 2627 808 2681 menstrua.
836 2657 870 2666 —
902 2625 1058 2682 Castorei
1080 2624 1156 2681 dri
1180 2624 1261 2682 bibiti

209 2727 271 2766 curn
305 2710 387 2767 melle
421 2714 449 2767 et
482 2715 631 2767 mentastro
662 2713 726 2785 post
755 2710 942 2767 flebotomiam
965 2711 1104 2785 cophenae
1127 2714 1262 2784 provocat

207 2799 348 2853 menstrua
374 2797 433 2853 sinc
460 2800 638 2869 nocumento,
673 2796 791 2853 extrahit
816 2796 922 2853 foetum
948 2799 976 2854 et
1006 2796 1193 2853 secundinam.
1218 2829 1261 2838 -

209 2882 459 2938 Cinnamomum
474 2886 621 2956 utrumque
635 2885 767 2956 provocat
781 2885 809 2938 et
824 2882 952 2939 aborsum
973 2881 1049 2939 facit.
1073 2913 1114 2922 -
1136 2881 1261 2937 Crocus

208 2969 313 3023 urinam
330 2972 470 3042 provocat,
493 2970 599 3024 matrici
620 2968 704 3025 durae
732 2967 844 3025 confert.
869 3001 909 3010 —
933 2967 1172 3042 Coloquintida
1193 2984 1260 3041 sup-

208 3056 299 3128 posita
320 3054 452 3111 interficit
472 3054 586 3111 foetum.
610 3086 650 3094 -
674 3054 771 3110 Cicer
792 3059 820 3110 ct
841 3055 960 3110 maxime
976 3055 1053 3127 niger
1068 3052 1187 3110 extrahit
1201 3053 1261 3110 ioe-

208 3143 265 3195 tum
289 3144 316 3196 ct
330 3140 437 3195 urinam
452 3143 592 3214 provocat.
617 3173 656 3181 -
680 3139 837 3196 Cubebae
859 3141 968 3196 urinam
983 3142 1134 3214 provocant
1148 3137 1260 3195 mundi-

206 3225 324 3281 ficando.
360 3258 401 3265 —
434 3226 599 3282 Ciminum
622 3227 726 3281 urinam
748 3228 887 3300 provocat.
925 3257 961 3266 -
997 3225 1160 3298 Capparis
1182 3240 1260 3280 men-

207 3315 283 3368 strua
305 3314 445 3385 provocat.
470 3344 510 3353 -
534 3311 661 3367 Caulis:
686 3328 785 3368 succus
808 3311 867 3382 ejus
883 3312 1043 3386 suppositus
1057 3308 1188 3366 interficit
1201 3309 1260 3366 foe-

206 3401 266 3453 tum
301 3401 328 3454 et
356 3414 451 3454 semen
480 3400 540 3471 ejus
562 3399 736 3472 suppositum
757 3400 820 3471 post
842 3398 944 3454 coitum
966 3412 1076 3472 sperma
1098 3396 1257 3469 corrumpit.

206 3516 247 3524 -
283 3485 448 3557 Cyperum
477 3488 622 3557 utmmque
649 3487 781 3557 provocat
808 3485 836 3539 et
865 3483 971 3539 confert
992 3483 1102 3538 vesicae
1125 3480 1210 3538 debili
1233 3487 1261 3537 et

207 3572 313 3626 matrici
335 3569 450 3643 frigidae
472 3569 563 3626 valde.
587 3602 628 3610 -
651 3569 839 3643 Oppressus
863 3584 925 3624 cum
940 3570 1004 3624 vino
1021 3567 1127 3624 confert
1141 3565 1259 3622 difficul-

205 3658 256 3712 tati
277 3655 427 3728 mingendi.
458 3688 497 3696 —
528 3655 645 3711 Cassia
667 3655 780 3728 lignea
802 3657 949 3728 utrumque
970 3656 1102 3729 provocat
1124 3655 1152 3709 et
1172 3668 1259 3725 vapo-

205 3745 295 3797 ratum
318 3741 423 3797 confert
444 3743 549 3797 matrici
571 3741 701 3797 lubricae.
737 3772 777 3782 -
809 3739 1040 3796 Calamentum
1067 3739 1174 3794 urinam
1196 3753 1258 3811 pro-

204 3830 286 3884 vocat
308 3831 336 3883 et
359 3829 468 3901 proprie
485 3844 547 3882 curn
562 3830 649 3898 aceto,
671 3843 743 3900 aqua
764 3830 792 3882 et
813 3825 880 3882 sale.
903 3857 943 3866 -
966 3823 1169 3882 Cordumeni
1191 3839 1257 3879 con-

205 3913 259 3969 fert
291 3912 448 3969 difficultati
475 3914 569 3969 urinae
597 3915 624 3969 et
652 3912 739 3969 dolori
761 3929 857 3968 renum
879 3914 907 3967 et
928 3913 988 3984 ejus
1009 3911 1103 3966 fumus
1128 3907 1258 3966 interficit

204 3998 318 4056 foetum.
347 4031 388 4038 —
419 3999 572 4055 Calamus
596 3999 801 4054 aromaticus
825 4000 971 4071 utrumque
993 3997 1125 4071 provocat
1146 3997 1174 4051 et
1194 4009 1257 4069 pro·
