2932 5626
604 676 813 742 ..30-

182 855 240 928 prie
261 853 354 909 fumus
376 853 436 925 ejus
459 853 579 909 exsiccat
593 853 770 911 vehementer
792 869 855 910 cum
869 854 1035 928 stypticitate
1058 856 1086 911 ot
1108 856 1150 911 est
1170 870 1228 909 ma-

182 942 278 996 turans
301 941 360 995 siue
382 938 589 995 mordicatione.
613 971 654 980 —
676 940 914 1013 Opopouacum
935 942 1075 1013 sumptum
1100 956 1150 1013 per
1171 957 1230 997 mo·

183 1025 248 1081 dum
283 1025 389 1099 collyrii
415 1026 488 1081 acuit
513 1026 603 1081 visum
629 1027 694 1099 quia
718 1025 832 1082 resolvit
858 1027 1037 1082 ventositates
1060 1028 1087 1082 et
1108 1024 1230 1081 lenificat

184 1127 246 1166 curn
269 1111 447 1167 abstersione.
471 1142 512 1151 -
534 1108 711 1167 Ostracum
734 1114 855 1167 assatum
870 1111 979 1184 quaudo
995 1111 1119 1167 aduritur
1140 1114 1168 1167 et
1182 1111 1229 1167 ab·

183 1196 267 1252 luitur
299 1212 363 1252 cum
396 1212 476 1253 carne
503 1213 553 1252 sua
582 1199 722 1270 sumptum
748 1198 777 1252 iu
800 1196 901 1254 alcofol
928 1197 1032 1254 confert
1057 1196 1180 1270 albugini
1202 1199 1230 1254 et

182 1299 272 1357 panno
296 1285 323 1338 et
339 1281 553 1356 grossitudinem
567 1281 760 1357 palpebrarum
783 1282 857 1339 delet
879 1284 943 1356 quia
969 1283 1089 1339 desiccat
1109 1282 1225 1340 fortiter.

184 1400 219 1409 —
255 1367 366 1424 Pruna
391 1367 486 1444 (pini):
521 1369 581 1440 ejus
615 1385 726 1442 gumma
753 1369 826 1424 visui
851 1368 956 1425 confert
989 1386 1052 1425 cum
1083 1385 1118 1425 00
1144 1385 1177 1425 00
1197 1368 1230 1424 fit

183 1453 327 1528 collyrium
356 1456 421 1528 0010
442 1453 564 1510 subtiliat
588 1454 685 1510 incidit
711 1454 880 1527 conglutinat
906 1471 968 1510 cum
990 1454 1108 1528 quadam
1131 1456 1229 1528 stypti-

182 1542 271 1596 citate.
296 1571 336 1580 —
358 1538 537 1596 Portulaca
560 1539 664 1596 confert
686 1539 831 1596 obtalmiae
847 1540 951 1596 calidae
973 1543 1084 1614 sumpta
1103 1542 1133 1595 in
1155 1540 1228 1596 alco-

180 1625 270 1681 folet
296 1642 359 1680 cum
385 1626 449 1682 vino
472 1628 598 1699 sumptus
620 1625 665 1680 vel
694 1643 762 1681 usus
792 1627 852 1697 ejus
880 1629 992 1698 generat
1020 1642 1151 1699 pannum.
1187 1658 1228 1668 —

180 1709 279 1784 Piper
301 1710 407 1767 confert
431 1711 553 1784 albugini
569 1712 633 1784 quia
648 1711 786 1784 abstergit.
810 1712 943 1767 -Ρ1οι
967 1711 1060 1768 fumus
1083 1713 1142 1783 ejus
1164 1727 1228 1785 pro-

180 1795 257 1853 hibet
277 1797 423 1870 lacrymas²
448 1797 584 1852 coufortat
604 1799 694 1852 visum
718 1797 825 1853 0110011
841 1798 904 1852 oriri
918 1797 1005 1870 pilum
1023 1797 1227 1871 palpebrarum.

180 1914 221 1922 —
243 1882 332 1939 Rosa
354 1881 433 1938 sedat
454 1882 576 1938 dolorem
600 1882 672 1938 oculi
694 1899 730 1938 00
744 1881 883 1939 caliditate
906 1886 934 1939 01
956 1882 1060 1939 confert
1081 1881 1229 1939 obtalmiae

181 1967 246 2022 dum
273 1972 366 2023 tamen
394 1967 581 2024 additamenta
609 1967 671 2025 alba
697 1971 757 2040 ejus
780 1968 987 2037 abscindantur;
1012 1969 1132 2024 exsiccat
1153 1969 1228 2024 euim

181 2071 244 2108 cum
266 2055 433 2127 stypticitate
448 2056 476 2109 et
491 2052 643 2110 abstersiva
664 2053 746 2109 valde
771 2057 799 2110 01
821 2054 899 2110 sedat
919 2057 1025 2110 motum
1047 2054 1161 2110 colerae.
1185 2086 1227 2096 —-

170 2129 270 2195 'Ruta
293 2141 366 2195 acuit
386 2141 477 2195 visum
498 2141 526 2195 01
540 2141 649 2213 proprie
671 2156 769 2196 succus
792 2140 851 2211 ejus
875 2156 937 2195 oum
952 2156 1033 2195 succo
1048 2140 1180 2196 foeniculi
1199 2143 1228 2196 01

181 2226 205 2280 01
226 2225 255 2281 hi
277 2225 331 2280 duo
360 2227 435 2281 succi
458 2227 569 2297 jaceant
600 2227 630 2280 in
655 2225 731 2298 pelvi
757 2229 842 2281 aenea
867 2241 917 2299 per
938 2226 957 2281 4
980 2226 1039 2281 dies
1067 2228 1095 2281 et
1121 2225 1226 2281 clarum

180 2312 295 2366 istorum
315 2313 344 2366 in
377 2310 456 2366 oculo
483 2314 601 2384 ponatur
629 2312 735 2366 confert
760 2311 842 2367 valde
868 2313 933 2385 quia
954 2314 1016 2366 ruta
1037 2313 1080 2367 est
1100 2311 1225 2382 incisim,

181 2397 339 2468 resolutiva‚
357 2398 534 2452 carminativa
548 2395 629 2453 valde
646 2399 673 2453 et
687 2396 857 2469 mundificat,
881 2399 928 2452 aut
943 2397 1014 2453 adde
1035 2398 1096 2452 istis
1112 2413 1226 2453 succum

180 2482 310 2539 absinthii
343 2485 370 2538 01
392 2498 489 2556 parum
514 2481 622 2556 plumbi
649 2499 712 2537 cum
739 2483 847 2538 modico
873 2485 937 2539 vino
969 2487 996 2538 et
1021 2482 1065 2538 fac
1093 2485 1124 2538 ut
1148 2484 1227 2556 prius

182 2571 210 2625 01
225 2567 331 2625 confert
346 2567 434 2624 dolori
450 2567 601 2623 oculorum.
627 2600 663 2608 -
686 2567 814 2624 Rubus:
839 2585 936 2624 000000
959 2571 1018 2641 ejus
1042 2568 1147 2625 confert
1169 2569 1228 2624 001-

180 2657 257 2710 turae
281 2653 353 2709 oculi
375 2656 439 2726 quia
460 2653 586 2726 frigidus,
611 2655 746 2728 stypticus
769 2656 797 2711 01
819 2654 1008 2710 desiccativus.
1032 2686 1073 2695 -
1095 2653 1227 2728 Rapha-

181 2757 243 2795 uus
266 2741 392 2812 quamvis
413 2739 493 2796 oculo
514 2743 612 2796 noceat
627 2739 738 2812 quando
761 2756 832 2813 aqua
853 2742 912 2812 ejus
928 2739 1076 2795 distillatur
1096 2741 1124 2794 in
1147 2740 1229 2796 oculo

183 2825 273 2882 aufert
295 2827 411 2898 vestigia
437 2825 487 2882 sub
518 2825 661 2899 lacrymali
688 2828 716 2881 et
744 2826 810 2881 dicit
831 2825 941 2882 110000
968 2825 1042 2898 quod
1067 2824 1134 2880 folia
1165 2827 1228 2897 ejus

181 2914 283 2967 acuunt
304 2912 402 2966 visum.
434 2943 475 2952 —
507 2910 599 2967 Roba
620 2913 638 2966 i.
652 2928 676 2967 0.
701 2911 826 2967 avellana
847 2911 939 2967 iudica
961 2911 1067 2967 confert
1088 2927 1175 2983 aquae
1197 2912 1227 2966 in

181 2997 261 3053 oculo
294 3013 343 3070 per
376 2996 477 3052 alcofol
505 2999 533 3053 et
559 2998 669 3071 proprie
696 3014 793 3053 succus
821 2999 881 3070 ejus
912 2999 939 3052 et
966 2998 1071 3053 confert
1096 2996 1173 3052 001)οΙ
1199 2999 1228 3052 01

179 3098 285 3156 panno,
319 3084 343 3138 si
375 3099 411 3138 00
436 3098 469 3137 00
494 3082 543 3137 fiat
573 3085 792 3157 caputpurgium.
827 3114 868 3123 —
899 3081 1002 3138 Ribes
1024 3084 1042 3138 i.
1064 3099 1086 3140 0.
1113 3080 1229 3138 acedula

180 3170 255 3223 acuit
281 3169 372 3222 visum
394 3168 503 3240 quando
526 3184 560 3223 00
583 3184 664 3225 succo
692 3170 751 3240 ejus
773 3168 805 3224 fit
827 3167 926 3225 alcofol
949 3169 1014 3240 0010
1036 3169 1152 3240 stringit,
1176 3184 1226 3224 00-

179 3255 279 3326 tinguit
301 3253 466 3310 caliditatem
482 3252 605 3311 00000010
620 3255 709 3328 ipsam
725 3255 789 3327 quia
802 3253 910 3327 frigida.
934 3286 974 3294 -
997 3253 1143 3327 Squilla:
1166 3255 1228 3325 ejus

181 3340 312 3396 comestio
335 3340 529 3409 0001101000,
557 3340 801 3412 00100000101100,
825 3339 992 3396 subtiliativa
1014 3338 1096 3395 valde
1118 3355 1229 3412 grosso-

180 3443 242 3480 rum
264 3424 409 3480 humorum
431 3429 459 3480 01
480 3426 596 3480 incisive
618 3441 681 3480 oum
702 3427 812 3481 virtute.
835 3458 876 3465 —
906 3425 1099 3481 sarcocolla
1121 3424 1229 3481 confert

181 3509 329 3567 obtalmiae
362 3514 389 3566 et
415 3510 574 3584 lippitudini
601 3513 629 3566 et
650 3510 739 3566 tluuui
765 3511 838 3567 oculi
859 3513 887 3566 et
908 3512 1016 3585 proprie
1037 3510 1141 3565 nutrita
1163 3527 1228 3566 cum

180 3597 251 3653 laote
274 3597 351 3652 asini.
384 3629 425 3636 —
459 3596 605 3670 Sanguis
628 3595 804 3652 columbae
827 3600 855 3652 01
875 3596 1096 3652 hiruudiuum
1116 3597 1228 3669 proprie

179 3686 305 3758 sumptus
325 3681 359 3738 ab
374 3681 418 3737 ala
432 3681 529 3738 dextra
545 3681 652 3738 confert
664 3699 766 3756 panno.
793 3714 828 3722 —
853 3680 988 3739 Stercus
1003 3680 1228 3737 hirundinum

179 3772 222 3825 001
240 3767 363 3825 mirabile
379 3767 510 3840 albugini.
534 3801 575 3808 —
598 3767 774 3841 Serpentis
796 3769 862 3840 tyri
881 3769 928 3839 jus
950 3771 978 3824 et
993 3783 1054 3823 caro
1071 3766 1229 3824 confortant

178 3856 277 3911 visum.
311 3886 351 3897 —
387 3852 547 3928 Spodium
576 3853 682 3910 confert
708 3853 924 3928 apostematibus
950 3853 1023 3908 oculi
1045 3851 1149 3909 calidis.
1183 3885 1227 3896 -

179 3939 235 3995 Sal
257 3956 320 3995 cum
343 3940 403 3996 oleo
426 3943 454 3995 et
473 3939 555 3995 melle
570 3956 653 4012 super
668 3940 778 3996 oculum
800 3939 1007 4013 emplastratum
1029 3938 1142 3995 resolvit
1164 3955 1228 3996 san-

178 4026 290 4099 guinem
312 4025 495 4098 congelatum.
518 4057 559 4066 —
582 4024 639 4081 Sal
662 4026 888 4081 armeniacum
903 4024 1006 4080 clarum
1020 4023 1065 4081 vel
1081 4023 1228 4098 crystallus

179 4111 285 4167 confert
306 4111 429 4184 albugini
451 4111 524 4168 oculi
539 4112 603 4182 quia
618 4110 741 4167 subtiliat
760 4115 787 4167 et
802 4111 935 4167 calefacit.
959 4142 999 4150 -
1023 4109 1230 4184 Serapinum

179 4197 285 4254 confert
300 4196 459 4254 obscuritati
481 4197 553 4253 oculi
575 4198 598 4253 si
621 4213 656 4253 00
678 4213 710 4254 eo
733 4196 782 4252 fiat
804 4196 904 4252 alcofol
925 4199 953 4252 01
975 4195 1081 4253 confert
1101 4197 1229 4270 vestigiis
