2932 5626
729 555 939 621 ..13-

544 729 590 786 Ile
613 729 875 805 operationibus
898 730 1121 806 specialibus:

393 856 466 914 Visis
489 857 693 932 operationibus
708 858 905 916 medicinarum
927 858 1094 932 simplicium
1109 859 1307 932 consequenter
1322 857 1357 915 de

309 943 474 1019 specialibus
497 944 625 1018 operibus
646 944 799 1016 videamus,
822 962 892 1018 quae
914 945 1077 1016 medicinae,
1106 944 1205 1018 quibus
1227 943 1356 1001 membris

309 1029 474 1105 specialibus
490 1031 655 1087 conveniant
676 1033 724 1086 aut
742 1034 860 1087 noceant
882 1035 910 1088 et
929 1032 1018 1105 primo
1041 1048 1057 1086 a
1079 1032 1168 1105 capite
1182 1031 1354 1104 incipientes

307 1115 407 1172 deinde
429 1131 478 1189 per
500 1116 608 1189 singula
629 1115 752 1172 membra
773 1119 860 1188 magis
882 1117 989 1172 famosa
1009 1116 1218 1186 descendamus
1242 1132 1292 1171 nec
1315 1119 1357 1171 est

306 1204 417 1258 nostrae
449 1202 609 1258 intentionis
644 1219 739 1258 omnes
771 1202 922 1259 medicinas
957 1218 1059 1276 ponere
1091 1202 1141 1258 sed
1165 1200 1355 1257 tantummodo

306 1286 467 1343 famosiores
482 1288 605 1361 proprias
628 1290 655 1344 et
676 1289 763 1360 magis
779 1287 949 1344 conferentes
965 1287 1088 1344 membro
1103 1286 1217 1344 cuilibet
1238 1302 1356 1360 sequen-

307 1376 350 1429 tes
372 1374 401 1428 in
423 1389 517 1429 earum
538 1374 724 1431 nominatione
747 1372 900 1429 secundum
922 1373 1046 1430 ordinem
1068 1372 1216 1447 alphabeti.
1242 1404 1278 1412 —

358 1544 447 1601 Istae
469 1547 542 1601 sunt
563 1544 749 1602 medicinae
772 1546 878 1619 capili
899 1544 1116 1603 conferentes
1139 1561 1224 1618 quae
1247 1561 1298 1600 se-

748 1635 912 1704 quuntur:

291 1756 296 1765 ’
390 1759 528 1814 Anisum
542 1762 705 1833 vaporatum
726 1774 776 1832 per
791 1774 871 1815 nares
887 1758 966 1815 sedat
987 1751 1153 1832 sodamffb),
1176 1760 1241 1831 quia
1263 1759 1352 1831 aperit

308 1860 370 1900 cum
386 1846 556 1918 stypticitate
572 1848 600 1901 et
613 1845 728 1901 resolvit
749 1845 943 1900 ventositatem
958 1846 1077 1901 maxime
1093 1844 1204 1918 quando
1221 1844 1352 1899 aduritur.

309 1962 345 1970 -
362 1929 579 1987 Absinthium
595 1934 677 2005 caput
688 1929 850 1986 mundificat
860 1923 907 2005 79),
924 1932 988 2004 qula
1000 1932 1086 2005 aperit
1098 1947 1162 1987 cum
1174 1931 1352 2004 stypticitatc.

307 2048 342 2058 —
367 2015 559 2072 Assederac
588 2018 606 2072 i.
623 2034 647 2074 e.
675 2016 725 2072 ilos
751 2017 830 2072 nucis
861 2018 949 2090 aperit
975 2015 1136 2090 opilationes
1165 2016 1276 2072 cerebri.
1314 2047 1350 2055 -

303 2101 466 2157 Auricula
487 2103 604 2172 muris,
627 2103 651 2158 si
672 2118 708 2158 ex
723 2117 756 2158 ea
769 2100 818 2157 fiat
833 2103 995 2158 sternutatio
1012 2102 1117 2158 confert
1139 2102 1286 2176 epilentiae
1297 2094 1353 2176 ²⁸¹³)

304 2186 490 2257 vehementer,
514 2189 579 2261 quia
601 2187 743 2244 cerebrum
764 2186 934 2243 mundificat.
954 2220 989 2228 -
1007 2182 1168 2262 Armet⁸⁰)
1182 2189 1201 2243 i.
1217 2204 1240 2244 e.
1258 2189 1352 2244 cinna-

302 2289 424 2328 momum
446 2289 571 2346 grossum
588 2273 696 2330 confert
715 2289 765 2328 sua
780 2274 958 2347 stypticitatc.
982 2305 1023 2315 -
1044 2273 1214 2330 Avellana
1235 2275 1354 2330 maturat

303 2375 430 2432 coryzam
452 2375 515 2415 cum
530 2360 626 2433 pipere
649 2363 678 2416 et
698 2358 765 2415 facit
779 2361 956 2432 augmentum
977 2361 1006 2415 in
1027 2359 1146 2416 cerebro.
1173 2391 1214 2399 —
1235 2360 1351 2432 Agnus

303 2447 423 2501 castus
445 2444 637 2518 emplastratus
669 2444 775 2502 confert
802 2444 894 2517 sedec,
929 2446 993 2518 quia
1019 2445 1132 2502 resolvit
1157 2444 1301 2500 humorem
1323 2449 1353 2502 et

304 2528 436 2586 subtiliat.
461 2563 501 2571 —
523 2530 653 2588 Acorus
677 2530 782 2588 confert
797 2529 886 2587 dolori
902 2532 962 2602 ejus
984 2531 1074 2603 valde,
1098 2530 1163 2604 quia
1178 2531 1267 2604 aperit
1289 2547 1352 2587 cum

301 2616 467 2673 resolutione
490 2619 517 2674 et
539 2618 716 2691 stypticitatc.
745 2649 778 2656 -
804 2615 957 2672 Alcanna
980 2632 1042 2672 cum
1064 2619 1140 2673 aceto
1162 2616 1262 2672 illinita
1284 2631 1350 2671 con-

301 2701 355 2758 fert
380 2701 416 2758 ad
443 2702 539 2758 sodam
566 2704 631 2776 quia
657 2703 743 2778 aperit
771 2718 833 2758 cum
854 2702 1030 2760 resolutione.
1056 2734 1092 2742 —
1116 2702 1255 2771 Asinus3
1283 2718 1352 2775 epar

302 2789 362 2861 ejus
386 2791 538 2844 comestum
560 2788 665 2844 confert
687 2788 842 2863 epilentiae.
866 2821 907 2828 -
930 2788 1025 2861 Aqua
1046 2786 1162 2862 tepida
1189 2786 1264 2843 valet
1290 2789 1350 2862 cpi·

300 2873 411 2930 lentiae.
427 2907 468 2914 -
482 2874 599 2946 Aquae
615 2876 760 2930 marinae
774 2890 862 2948 vapor
877 2874 983 2931 confert
998 2873 1154 2948 epilentiae.
1173 2903 1214 2913 —-
1229 2872 1352 2930 Ambra

302 2960 407 3015 confert
429 2959 539 3016 cerebro
562 2962 590 3016 et
612 2960 738 3016 sensibus
762 2961 822 3032 ejus
844 2959 1029 3016 calefaciendo
1057 2962 1084 3016 et
1106 2957 1283 3016 subtiliandc.
1310 2991 1347 3001 -

301 3044 384 3101 Aloe
410 3045 571 3101 mundificat
591 3046 710 3101 coleram
732 3061 748 3100 a
768 3044 878 3102 cerebro
901 3048 929 3101 et
947 3045 1026 3101 linita
1048 3061 1130 3119 super
1151 3044 1269 3101 frontem
1286 3061 1350 3100 cum

301 3129 336 3186 ol.
360 3146 413 3187 ros.
438 3134 518 3187 sanat
539 3131 643 3187 sodam.
665 3164 705 3172 -
728 3130 935 3186 Abrotonum
958 3147 1021 3186 curn
1043 3130 1104 3187 oleo
1126 3131 1236 3186 linitum
1257 3131 1350 3204 ipsum

301 3215 436 3273 calefacit.
461 3249 501 3258 -
523 3216 669 3272 Anetum
692 3232 819 3272 somnum
835 3221 966 3289 provocat
989 3220 1015 3272 et
1037 3218 1155 3272 maxime
1175 3215 1266 3272 oleum
1289 3218 1350 3287 ejus

258 3312 271 3339 ·
302 3303 367 3374 quia
388 3305 507 3359 maturat
529 3302 730 3372 humiditatem,
762 3301 841 3357 sedat
868 3301 990 3357 dolorem
1020 3305 1047 3357 et
1073 3303 1206 3358 carminat
1227 3303 1350 3356 ventosi-

300 3390 393 3443 tatem.
418 3388 624 3443 -Acetum
654 3405 716 3443 cum
743 3387 802 3443 oleo
829 3390 1043 3460 conquassatum
1070 3387 1176 3444 confert
1196 3387 1231 3442 ad
1253 3386 1350 3443 sodam

300 3472 417 3529 calidam
438 3477 466 3529 et
488 3475 610 3530 exsiccat
632 3477 660 3530 et
681 3471 807 3547 prohibet
827 3472 988 3529 effusionem
1010 3475 1141 3529 materiei.
1165 3505 1206 3513 -
1228 3472 1349 3544 Ageri-

300 3575 371 3614 cum
394 3559 500 3615 confert
522 3559 669 3632 epilentiae
692 3559 831 3633 superflua
846 3548 949 3615 cerebri
968 3558 1172 3615 mundificando
1195 3559 1349 3631 aproprie-

298 3646 363 3701 tate.
387 3676 428 3686 -
449 3643 649 3700 Anacardus
672 3644 777 3701 confert
799 3646 966 3719 corruptioni
981 3646 1138 3701 memoriae.
1162 3675 1203 3686 -
1225 3645 1349 3716 Amyg·

299 3729 398 3787 dalae
421 3747 553 3788 amarae
576 3733 640 3787 ante
659 3733 756 3804 potum
777 3732 833 3786 vini
849 3733 986 3787 comestae
1008 3730 1154 3804 prohibent
1176 3729 1346 3786 ebrietatem.

299 3848 339 3856 —
361 3815 489 3872 Allium
512 3817 617 3873 confert
639 3815 726 3871 dolori
747 3816 846 3888 frigido
870 3816 968 3889 supple
991 3818 1049 3872 sine
1064 3817 1178 3871 materia
1199 3813 1290 3888 (Avic.
1309 3815 1348 3870 Ill

299 3900 333 3957 de
357 3918 422 3957 cura
443 3902 525 3974 hujus
547 3901 705 3975 passionis).
731 3933 770 3942 —-
792 3902 928 3957 Blattae
950 3901 1132 3974 byzantiae
1154 3900 1347 3972 suffumigatae

299 3987 445 4044 conferunt
466 3987 613 4061 epilentiae
636 3989 700 4061 quia
722 3988 872 4044 exsiccant.
895 4018 936 4026 -
958 3986 1136 4043 Balsamus
1159 3986 1265 4042 confert
1287 3988 1348 4060 epi-

296 4071 398 4131 lentiae
431 4075 459 4130 et
490 4075 617 4147 vertigini
644 4075 708 4147 quia
736 4073 877 4144 calefacit,
908 4070 1070 4128 mundificat
1096 4076 1124 4128 et
1151 4073 1279 4129 exsiccat.
1306 4103 1345 4116 -
