2932 5626
724 569 933 633 ..68-

419 786 609 843 Medicinae
632 787 738 841 coitni
762 784 980 842 conferentes
1003 789 1037 842 et
1058 787 1233 841 nocentes:

382 914 418 969 ut
440 915 528 988 primo
551 912 704 969 notandum
728 912 801 985 quod
825 911 859 967 ad
883 914 986 969 coitum
1013 914 1066 969 tria
1093 913 1282 985 requiruntur:
1318 912 1357 965 1¹1¹

298 1003 341 1056 est
364 999 439 1055 calor
461 999 605 1055 stimulans
628 999 675 1071 qui
698 997 733 1052 ab
756 1000 836 1070 epate
860 1001 950 1053 ortum
973 997 1066 1067 habet,
1091 997 1131 1052 2¹¹¹
1154 1000 1253 1054 ventus
1276 997 1357 1069 spiri-

296 1085 380 1140 tualis
413 1086 517 1158 virgam
545 1085 653 1156 erigens
682 1085 710 1138 ot
736 1083 780 1138 hio
804 1099 820 1137 a
849 1082 932 1138 corde
960 1086 1049 1139 ortum
1072 1082 1156 1139 habet
1179 1083 1219 1138 3¹¹¹
1242 1083 1358 1137 materia

297 1171 410 1244 replens
433 1170 551 1225 ethaeo
574 1168 718 1225 descondit
748 1168 782 1223 ab
811 1167 938 1224 omnibns
965 1169 1105 1223 membris.
1141 1201 1180 1208 —-
1215 1165 1357 1236 Quaedam

298 1272 362 1327 ergo
396 1255 550 1310 medicinae
578 1256 681 1325 juvant
708 1254 774 1325 quia
801 1256 867 1307 sunt
894 1251 1017 1323 calidae,
1045 1252 1181 1326 quaedam
1205 1254 1270 1327 quia
1292 1256 1358 1307 sunt

296 1343 438 1409 ventosae,
473 1339 609 1412 quaedam
642 1340 708 1410 quia
734 1341 799 1392 sunt
824 1336 955 1393 humidae
985 1338 1118 1395 addentes
1145 1340 1174 1393 in
1202 1337 1356 1408 materiam,

300 1424 436 1498 quaedam
459 1425 525 1497 qnia
547 1425 641 1479 omnia
661 1425 715 1478 ista
737 1422 850 1478 liabent.
889 1421 1029 1489 Quaedam
1046 1427 1148 1479 nocent
1168 1423 1356 1495 extinguendo

298 1510 475 1576 caliditatem,
504 1509 641 1581 quaedam
668 1506 834 1564 exsiccando
857 1507 1065 1578 humiditatem,
1093 1508 1229 1581 quaedam
1257 1508 1356 1563 dissol-

296 1595 388 1651 vendo
422 1595 467 1650 vel
497 1593 685 1649 consumendo
712 1594 907 1648 ventositatem
930 1596 959 1648 et
981 1595 1045 1648 sunt
1067 1593 1203 1667 quaedam
1228 1610 1298 1666 quae
1322 1610 1357 1648 cr

297 1685 376 1754 parte
411 1695 466 1733 una
496 1681 597 1751 juvant
625 1680 652 1735 et
679 1695 713 1734 ex
740 1681 818 1751 parte
845 1677 900 1733 alia
926 1682 1123 1735 nocumentum
1146 1679 1262 1735 afferunt
1285 1680 1358 1735 sicut

297 1769 396 1838 postea
410 1764 557 1820 videbitur.
582 1796 623 1803 —
645 1764 789 1818 Amisum
806 1766 848 1818 est
862 1764 1015 1818 nocitivnm
1030 1765 1117 1819 coitus
1134 1767 1200 1837 quia
1213 1767 1306 1820 tamen
1319 1762 1356 1837 (l)

299 1852 402 1906 siccum
417 1849 535 1923 impedit
550 1848 723 1904 exsiccando.
749 1880 790 1888 —
812 1848 953 1903 Asarum
977 1847 1084 1903 confert
1098 1851 1163 1921 quia
1178 1852 1355 1921 augmentum

254 1960 256 1964 ·
297 1936 364 1991 iacit
390 1936 417 1989 in
446 1937 593 2008 spermate.
628 1967 669 1973 —
703 1934 793 1988 Anas
823 1932 929 1988 confert
960 1934 1025 2006 quia
1047 1950 1156 2006 sperma
1179 1934 1354 2007 multiplicat.

297 2053 338 2060 —
361 2021 427 2074 Asa
442 2021 545 2074 coitum
561 2018 698 2074 fortificat.
722 2051 763 2058 --
783 2019 904 2090 Apium
928 2019 1044 2086 excitat3
1067 2018 1142 2074 idem
1157 2019 1231 2074 Ras,
1248 2018 1286 2073 lll
1308 2019 1354 2074 Al.

298 2107 363 2177 quia
386 2105 482 2177 aperit.
509 2136 545 2143 -
571 2103 695 2159 Allium
719 2103 837 2172 confert3
860 2102 934 2158 idem
956 2103 1029 2158 Ras.
1043 2103 1081 2157 lll
1095 2104 1139 2158 Al.
1165 2106 1230 2176 quia
1252 2104 1355 2160 calefa-

298 2191 344 2260 cit,
380 2192 472 2245 tamen
506 2188 656 2260 aliquando
686 2191 766 2245 nocet
792 2189 902 2261 proprie
929 2188 1040 2260 quando
1067 2191 1182 2244 materia
1209 2191 1355 2263 spermatis

298 2277 341 2330 est
364 2291 453 2347 pauca
475 2275 540 2346 quia
567 2273 744 2329 vehementer
766 2275 896 2329 exsiccat.
920 2304 960 2313 -
984 2272 1110 2329 Bulbus
1133 2275 1151 2329 i.
1169 2291 1192 2331 e.
1217 2291 1284 2346 cepe
1308 2290 1354 2331 ex·

297 2361 375 2430 citat3
397 2359 472 2415 idern
488 2358 562 2414 Ras.
579 2358 626 2412 lll.
643 2357 687 2413 Al.
709 2390 749 2399 -
773 2358 917 2414 Bauciae
933 2357 1078 2413 conferunt
1092 2362 1152 2414 tum
1168 2360 1233 2432 quia
1249 2359 1354 2416 calidae

295 2447 355 2500 tum
379 2446 443 2517 quia
459 2446 590 2500 ventosae
612 2443 697 2516 (lias.
715 2442 751 2497 lll
767 2441 835 2516 Al).
860 2474 900 2483 -
923 2442 1096 2499 Basilioon
1118 2445 1235 2517 impedit
1250 2446 1354 2500 coitum

297 2529 472 2585 exsiccando.
497 2561 538 2570 -
562 2528 688 2585 Crocus
711 2529 815 2584 excitat
830 2529 941 2583 coitum.
967 2560 1006 2568 -
1030 2528 1126 2584 Cicer
1148 2529 1225 2584 addit
1246 2531 1275 2584 in
1298 2530 1353 2585 ‘coi-

295 2616 355 2670 tum
371 2615 557 2670 vehementer.
581 2646 622 2654 -
646 2613 834 2669 Cartamum
850 2613 965 2668 confert.
982 2644 1023 2653 —
1040 2612 1223 2687 Camphora
1245 2615 1354 2671 abscin-

296 2700 336 2755 dit
359 2701 469 2756 coitum.
493 2732 534 2739 -
558 2697 671 2753 Cauiis
694 2714 788 2754 semen
811 2699 985 2771 suppositum
1000 2701 1064 2772 post
1079 2700 1181 2755 coitum
1205 2702 1355 2774 corrumpit

295 2801 413 2858 sperma.
430 2817 470 2824 -
487 2783 707 2839 ocriandrum
721 2783 823 2855 frangit
838 2785 940 2838 coitum
956 2784 1130 2840 exsiccando.
1147 2816 1188 2826 ——
1203 2783 1352 2841 Ferrum:

298 2887 371 2943 aqua
397 2871 425 2924 in
454 2885 509 2942 qua
537 2869 640 2924 ferrum
670 2869 840 2941 extinguitur
863 2869 965 2924 excitat
987 2869 1090 2924 coitum
1113 2871 1179 2943 quia
1200 2886 1267 2943 epar
1289 2886 1354 2926 con-

296 2955 388 3011 fortat.
413 2986 454 2994 —
477 2953 619 3010 Ferreae
645 2970 733 3027 aquae
749 2953 873 3027 splenem
893 2953 1035 3010 resolvunt
1050 2957 1078 3010 et
1092 2970 1147 3009 non
1164 2956 1235 3011 coire
1258 2955 1353 3012 valen-

246 3095 248 3099 ,
294 3039 369 3095 tibus
393 3038 534 3110 adjuvant.
558 3072 599 3079 -
623 3038 733 3094 Grana
754 3040 814 3112 pini
835 3038 902 3093 facit
920 3042 1099 3111 augmentum
1113 3040 1141 3094 in
1158 3041 1231 3096 coitu
1247 3043 1278 3095 ut
1291 3040 1353 3114 plu-

293 3125 394 3179 rimum
418 3125 483 3196 quia
504 3123 627 3179 humida.
656 3123 1008 3195 -·Hermodaotylus
1031 3141 1092 3179 cum
1116 3125 1253 3182 zinzibero
1277 3143 1353 3182 men-

294 3212 380 3265 tastro
404 3212 432 3264 et
454 3209 555 3263 cimino
572 3215 605 3264 aa
623 3210 794 3282 pulverizato
811 3210 971 3280 augmentat
986 3210 1097 3265 coitum.
1121 3242 1162 3251 —
1186 3210 1352 3268 Lactucae

295 3311 389 3350 semen
405 3309 515 3366 sperma
530 3295 660 3349 exsiccat.
684 3326 724 3334 —
748 3293 885 3350 Melissa
907 3293 1014 3350 confert
1030 3295 1095 3367 quia
1116 3295 1202 3350 inflat.
1226 3328 1267 3337 —
1290 3296 1353 3351 Ne·

293 3379 393 3434 nnfar
415 3377 584 3435 desiderium
600 3380 688 3434 coitus
704 3378 814 3452 frangit.
838 3410 879 3418 —
901 3378 975 3433 Nux
991 3382 1147 3453 cypressi
1170 3382 1270 3436 coitum
1287 3398 1353 3455 aug-

294 3468 409 3521 mentat,
433 3496 474 3505 —
498 3463 567 3519 Ova
590 3465 681 3519 omnia
704 3467 732 3520 et
753 3466 863 3538 proprie
885 3480 1027 3537 passerum
1051 3464 1196 3521 conferunt
1218 3467 1283 3538 quia
1305 3465 1352 3521 ad-

295 3550 365 3605 dunt
386 3551 414 3605 in
436 3549 589 3604 materiam.
614 3581 655 3589 —
677 3547 783 3604 Panis
807 3550 896 3605 omnis
911 3565 1007 3605 recens
1023 3554 1117 3606 coctus
1134 3549 1200 3605 dum
1223 3555 1266 3609 est
1288 3551 1353 3607 cali-

294 3634 346 3690 dus
370 3635 448 3690 addit
469 3635 497 3689 in
521 3635 604 3690 coitu.
628 3667 669 3675 -
691 3635 799 3690 Piscis
829 3651 917 3707 aquae
939 3650 1036 3690 reeens
1060 3638 1199 3692 comestus
1222 3635 1289 3690 dum
1311 3639 1354 3691 est

294 3719 400 3775 calidus
421 3719 528 3775 confert
547 3718 674 3776 addendo
690 3720 718 3774 in
734 3720 885 3774 materiam.
907 3751 948 3760 -
968 3718 1102 3775 Porrum
1120 3723 1273 3776 comestum
1293 3720 1353 3795 (co-

294 3805 382 3880 ctum)
406 3808 434 3860 et
453 3806 631 3878 suppositum
646 3804 753 3861 confert
775 3803 944 3878 (commovet
959 3804 1084 3878 coitum).
1108 3838 1148 3846 -
1172 3805 1353 3861 Portulaoa

293 3888 432 3945 abscindit
455 3889 623 3945 desiderium
646 3892 743 3947 coitus.
768 3921 808 3929 ——
832 3888 976 3945 Scinons
999 3892 1026 3946 et
1046 3891 1156 3963 proprie
1172 3907 1234 3947 caro
1251 3892 1353 3946 cumini

292 3979 320 4032 et
343 3991 442 4031 renum
465 3975 568 4030 excitat
590 3972 718 4045 multum,
740 3975 815 4030 idem
837 3974 904 4030 facit
926 3972 966 4030 sal
988 3976 1049 4045 ejus
1072 3973 1113 4048 (et
1127 3976 1188 4046 ejus
1204 3975 1290 4049 adeps
1305 3993 1352 4032 ex-

267 4131 270 4138 Ι
292 4061 359 4116 citat
381 4059 506 4134 coitum).
536 4091 577 4102 -
608 4058 729 4116 Semen
752 4060 814 4115 lini
836 4076 899 4115 cum
920 4059 1016 4134 pipere
1039 4063 1067 4115 et
1092 4059 1174 4117 melle
1198 4064 1355 4117 commovet
