<?xml version="1.0" encoding="UTF-8"?>
<!DOCTYPE html PUBLIC "-//W3C//DTD XHTML 1.0 Transitional//EN"
    "http://www.w3.org/TR/xhtml1/DTD/xhtml1-transitional.dtd">
<html xmlns="http://www.w3.org/1999/xhtml" xml:lang="en" lang="en">
 <head>
  <title>
</title>
<meta http-equiv="Content-Type" content="text/html;charset=utf-8" />
  <meta name='ocr-system' content='tesseract 3.04.00' />
  <meta name='ocr-capabilities' content='ocr_page ocr_carea ocr_par ocr_line ocrx_word'/>
</head>
<body>
  <div class='ocr_page' id='page_1' title='image "./dieareolaedesjo00jeangoog_0098.png"; bbox 0 0 2924 5616; ppageno 0'>
   <div class='ocr_carea' id='block_1_1' title="bbox 614 545 822 608">
    <p class='ocr_par' dir='ltr' id='par_1_1' title="bbox 614 545 822 608">
     <span class='ocr_line' id='line_1_1' title="bbox 614 545 822 608; baseline 0.005 -18"><span class='ocrx_word' id='word_1_1' title='bbox 614 545 822 608; x_wconf 68' lang='lat'><strong>..70-</strong></span> 
     </span>
    </p>
   </div>
   <div class='ocr_carea' id='block_1_2' title="bbox 119 717 1248 3764">
    <p class='ocr_par' dir='ltr' id='par_1_2' title="bbox 119 717 1248 3764">
     <span class='ocr_line' id='line_1_2' title="bbox 187 717 1247 792; baseline -0.003 -14"><span class='ocrx_word' id='word_1_2' title='bbox 187 723 262 779; x_wconf 90' lang='lat' dir='ltr'><strong>facit.</strong></span> <span class='ocrx_word' id='word_1_3' title='bbox 286 755 328 764; x_wconf 92' lang='lat'><em>-</em></span> <span class='ocrx_word' id='word_1_4' title='bbox 350 719 502 792; x_wconf 83' lang='lat' dir='ltr'><strong>Bedegar</strong></span> <span class='ocrx_word' id='word_1_5' title='bbox 524 717 632 775; x_wconf 82' lang='lat' dir='ltr'><strong>confert</strong></span> <span class='ocrx_word' id='word_1_6' title='bbox 654 734 764 791; x_wconf 85' lang='lat' dir='ltr'>spasmo</span> <span class='ocrx_word' id='word_1_7' title='bbox 786 717 961 774; x_wconf 90' lang='lat' dir='ltr'><strong>resolvendo.</strong></span> <span class='ocrx_word' id='word_1_8' title='bbox 998 751 1038 759; x_wconf 99' lang='lat'><em>-</em></span> <span class='ocrx_word' id='word_1_9' title='bbox 1073 719 1247 775; x_wconf 88' lang='lat' dir='ltr'><strong>Balsamus</strong></span> 
     </span>
     <span class='ocr_line' id='line_1_3' title="bbox 189 803 1247 879; baseline -0.006 -15"><span class='ocrx_word' id='word_1_10' title='bbox 189 807 295 864; x_wconf 90' lang='lat' dir='ltr'><strong>confert</strong></span> <span class='ocrx_word' id='word_1_11' title='bbox 317 820 428 879; x_wconf 86' lang='lat' dir='ltr'><strong>spasmo</strong></span> <span class='ocrx_word' id='word_1_12' title='bbox 452 808 479 860; x_wconf 91' lang='lat' dir='ltr'><strong>et</strong></span> <span class='ocrx_word' id='word_1_13' title='bbox 502 806 630 860; x_wconf 87' lang='lat' dir='ltr'><strong>sciaticae</strong></span> <span class='ocrx_word' id='word_1_14' title='bbox 646 803 833 860; x_wconf 87' lang='lat' dir='ltr'><strong>calefaciendo</strong></span> <span class='ocrx_word' id='word_1_15' title='bbox 856 807 884 858; x_wconf 92' lang='lat' dir='ltr'><strong>et</strong></span> <span class='ocrx_word' id='word_1_16' title='bbox 898 803 1074 860; x_wconf 87' lang='lat' dir='ltr'><strong>resolvendo.</strong></span> <span class='ocrx_word' id='word_1_17' title='bbox 1098 837 1139 844; x_wconf 89' lang='lat'><strong>-</strong></span> <span class='ocrx_word' id='word_1_18' title='bbox 1163 805 1247 859; x_wconf 88' lang='lat' dir='ltr'><strong>Bau-</strong></span> 
     </span>
     <span class='ocr_line' id='line_1_4' title="bbox 187 888 1246 962; baseline -0.005 -14"><span class='ocrx_word' id='word_1_19' title='bbox 187 909 242 948; x_wconf 89' lang='lat' dir='ltr'><strong>rac</strong></span> <span class='ocrx_word' id='word_1_20' title='bbox 256 894 286 947; x_wconf 89' lang='lat' dir='ltr'><strong>in</strong></span> <span class='ocrx_word' id='word_1_21' title='bbox 303 891 402 947; x_wconf 90' lang='lat' dir='ltr'><strong>cerotis</strong></span> <span class='ocrx_word' id='word_1_22' title='bbox 426 888 512 961; x_wconf 71' lang='lat'><strong>[245:</strong></span> <span class='ocrx_word' id='word_1_23' title='bbox 538 905 601 944; x_wconf 94' lang='lat' dir='ltr'><strong>cum</strong></span> <span class='ocrx_word' id='word_1_24' title='bbox 616 888 707 961; x_wconf 87' lang='lat' dir='ltr'><strong>aceto]</strong></span> <span class='ocrx_word' id='word_1_25' title='bbox 731 888 838 944; x_wconf 79' lang='lat' dir='ltr'><strong>confert</strong></span> <span class='ocrx_word' id='word_1_26' title='bbox 853 889 975 961; x_wconf 87' lang='lat' dir='ltr'><strong>paralysi</strong></span> <span class='ocrx_word' id='word_1_27' title='bbox 998 889 1038 962; x_wconf 91' lang='lat' dir='ltr'><strong>[et</strong></span> <span class='ocrx_word' id='word_1_28' title='bbox 1052 891 1167 946; x_wconf 89' lang='lat' dir='ltr'><strong>torsioni</strong></span> <span class='ocrx_word' id='word_1_29' title='bbox 1183 906 1246 944; x_wconf 92' lang='lat' dir='ltr'><strong>ner-</strong></span> 
     </span>
     <span class='ocr_line' id='line_1_5' title="bbox 188 972 1247 1047; baseline -0.003 -16"><span class='ocrx_word' id='word_1_30' title='bbox 188 992 298 1032; x_wconf 89' lang='lat' dir='ltr'><strong>vorum:</strong></span> <span class='ocrx_word' id='word_1_31' title='bbox 323 973 397 1047; x_wconf 80' lang='lat'>245]</span> <span class='ocrx_word' id='word_1_32' title='bbox 420 977 448 1029; x_wconf 93' lang='lat' dir='ltr'><strong>et</strong></span> <span class='ocrx_word' id='word_1_33' title='bbox 469 977 579 1047; x_wconf 90' lang='lat' dir='ltr'><strong>proprie</strong></span> <span class='ocrx_word' id='word_1_34' title='bbox 596 973 736 1029; x_wconf 89' lang='lat' dir='ltr'><strong>adustum.</strong></span> <span class='ocrx_word' id='word_1_35' title='bbox 760 1005 802 1014; x_wconf 92' lang='lat'>—</span> <span class='ocrx_word' id='word_1_36' title='bbox 824 972 992 1029; x_wconf 88' lang='lat' dir='ltr'><strong>Bdollium</strong></span> <span class='ocrx_word' id='word_1_37' title='bbox 1015 974 1120 1029; x_wconf 79' lang='lat' dir='ltr'><strong>confort</strong></span> <span class='ocrx_word' id='word_1_38' title='bbox 1136 973 1247 1029; x_wconf 89' lang='lat' dir='ltr'><strong>duritiei</strong></span> 
     </span>
     <span class='ocr_line' id='line_1_6' title="bbox 188 1053 1247 1131; baseline -0.002 -15"><span class='ocrx_word' id='word_1_39' title='bbox 188 1077 335 1117; x_wconf 83' lang='lat' dir='ltr'><strong>nervorum</strong></span> <span class='ocrx_word' id='word_1_40' title='bbox 358 1061 386 1115; x_wconf 92' lang='lat' dir='ltr'><strong>et</strong></span> <span class='ocrx_word' id='word_1_41' title='bbox 408 1059 594 1131; x_wconf 83' lang='lat' dir='ltr'><strong>congelationi</strong></span> <span class='ocrx_word' id='word_1_42' title='bbox 617 1062 645 1115; x_wconf 90' lang='lat' dir='ltr'><strong>et</strong></span> <span class='ocrx_word' id='word_1_43' title='bbox 667 1057 820 1113; x_wconf 89' lang='lat' dir='ltr'><strong>secundum</strong></span> <span class='ocrx_word' id='word_1_44' title='bbox 843 1057 922 1113; x_wconf 90' lang='lat' dir='ltr'><strong>Hali</strong></span> <span class='ocrx_word' id='word_1_45' title='bbox 944 1060 972 1113; x_wconf 94' lang='lat' dir='ltr'><strong>in</strong></span> <span class='ocrx_word' id='word_1_46' title='bbox 995 1053 1034 1112; x_wconf 84' lang='grc' dir='ltr'><strong>ΙΙο</strong></span> <span class='ocrx_word' id='word_1_47' title='bbox 1057 1058 1091 1114; x_wconf 90' lang='lat' dir='ltr'><strong>de</strong></span> <span class='ocrx_word' id='word_1_48' title='bbox 1114 1058 1200 1130; x_wconf 77' lang='lat' dir='ltr'><strong>regali</strong></span> <span class='ocrx_word' id='word_1_49' title='bbox 1224 1061 1247 1114; x_wconf 91' lang='lat' dir='ltr'><strong>si</strong></span> 
     </span>
     <span class='ocr_line' id='line_1_7' title="bbox 188 1142 1246 1215; baseline -0.003 -13"><span class='ocrx_word' id='word_1_50' title='bbox 188 1149 293 1202; x_wconf 89' lang='lat' dir='ltr'><strong>teratur</strong></span> <span class='ocrx_word' id='word_1_51' title='bbox 315 1162 378 1201; x_wconf 90' lang='lat' dir='ltr'><strong>cum</strong></span> <span class='ocrx_word' id='word_1_52' title='bbox 400 1143 488 1198; x_wconf 83' lang='lat' dir='ltr'><strong>salira</strong></span> <span class='ocrx_word' id='word_1_53' title='bbox 506 1144 598 1215; x_wconf 89' lang='lat' dir='ltr'><strong>jejuni</strong></span> <span class='ocrx_word' id='word_1_54' title='bbox 619 1142 738 1198; x_wconf 92' lang='lat' dir='ltr'><strong>hominis</strong></span> <span class='ocrx_word' id='word_1_55' title='bbox 761 1146 789 1198; x_wconf 89' lang='lat' dir='ltr'><strong>et</strong></span> <span class='ocrx_word' id='word_1_56' title='bbox 815 1142 938 1198; x_wconf 88' lang='lat' dir='ltr'><strong>membra</strong></span> <span class='ocrx_word' id='word_1_57' title='bbox 960 1143 1026 1199; x_wconf 90' lang='lat' dir='ltr'><strong>inde</strong></span> <span class='ocrx_word' id='word_1_58' title='bbox 1049 1143 1183 1198; x_wconf 89' lang='lat' dir='ltr'><strong>liniantur</strong></span> <span class='ocrx_word' id='word_1_59' title='bbox 1204 1161 1246 1199; x_wconf 90' lang='lat' dir='ltr'><strong>re-</strong></span> 
     </span>
     <span class='ocr_line' id='line_1_8' title="bbox 189 1227 1247 1287; baseline -0.002 -1"><span class='ocrx_word' id='word_1_60' title='bbox 189 1231 272 1287; x_wconf 89' lang='lat' dir='ltr'><strong>solvit</strong></span> <span class='ocrx_word' id='word_1_61' title='bbox 292 1230 490 1285; x_wconf 84' lang='lat' dir='ltr'><strong>ventositatem</strong></span> <span class='ocrx_word' id='word_1_62' title='bbox 512 1244 528 1282; x_wconf 88' lang='lat' dir='ltr'><strong>a</strong></span> <span class='ocrx_word' id='word_1_63' title='bbox 549 1228 690 1284; x_wconf 87' lang='lat' dir='ltr'><strong>membris.</strong></span> <span class='ocrx_word' id='word_1_64' title='bbox 726 1259 766 1267; x_wconf 88' lang='lat'><em>-</em></span> <span class='ocrx_word' id='word_1_65' title='bbox 801 1227 939 1283; x_wconf 81' lang='lat' dir='ltr'><strong>Citium:</strong></span> <span class='ocrx_word' id='word_1_66' title='bbox 969 1228 1061 1284; x_wconf 90' lang='lat' dir='ltr'><strong>oleum</strong></span> <span class='ocrx_word' id='word_1_67' title='bbox 1083 1229 1189 1284; x_wconf 91' lang='lat' dir='ltr'><strong>factum</strong></span> <span class='ocrx_word' id='word_1_68' title='bbox 1212 1246 1247 1284; x_wconf 86' lang='lat' dir='ltr'><strong>ex</strong></span> 
     </span>
     <span class='ocr_line' id='line_1_9' title="bbox 189 1311 1246 1371; baseline -0.002 0"><span class='ocrx_word' id='word_1_69' title='bbox 189 1317 290 1371; x_wconf 90' lang='lat' dir='ltr'><strong>cortice</strong></span> <span class='ocrx_word' id='word_1_70' title='bbox 306 1315 366 1370; x_wconf 88' lang='lat' dir='ltr'><strong>citri</strong></span> <span class='ocrx_word' id='word_1_71' title='bbox 382 1313 488 1370; x_wconf 90' lang='lat' dir='ltr'><strong>confert</strong></span> <span class='ocrx_word' id='word_1_72' title='bbox 502 1314 603 1368; x_wconf 86' lang='lat' dir='ltr'><strong>nervis.</strong></span> <span class='ocrx_word' id='word_1_73' title='bbox 627 1345 668 1354; x_wconf 93' lang='lat'><em>-</em></span> <span class='ocrx_word' id='word_1_74' title='bbox 692 1311 888 1369; x_wconf 84' lang='lat' dir='ltr'><strong>Oamomilla</strong></span> <span class='ocrx_word' id='word_1_75' title='bbox 904 1312 1040 1368; x_wconf 90' lang='lat' dir='ltr'><strong>confortat</strong></span> <span class='ocrx_word' id='word_1_76' title='bbox 1054 1315 1146 1368; x_wconf 90' lang='lat' dir='ltr'><strong>omnia</strong></span> <span class='ocrx_word' id='word_1_77' title='bbox 1162 1330 1246 1369; x_wconf 90' lang='lat' dir='ltr'><strong>mem-</strong></span> 
     </span>
     <span class='ocr_line' id='line_1_10' title="bbox 188 1396 1248 1470; baseline -0.003 -14"><span class='ocrx_word' id='word_1_78' title='bbox 188 1400 238 1456; x_wconf 89' lang='lat' dir='ltr'><strong>bra</strong></span> <span class='ocrx_word' id='word_1_79' title='bbox 271 1415 390 1456; x_wconf 81' lang='lat' dir='ltr'><strong>nervosa</strong></span> <span class='ocrx_word' id='word_1_80' title='bbox 418 1402 446 1453; x_wconf 92' lang='lat' dir='ltr'><strong>et</strong></span> <span class='ocrx_word' id='word_1_81' title='bbox 475 1397 581 1454; x_wconf 88' lang='lat' dir='ltr'><strong>confert</strong></span> <span class='ocrx_word' id='word_1_82' title='bbox 610 1397 694 1454; x_wconf 88' lang='lat' dir='ltr'><strong>valde</strong></span> <span class='ocrx_word' id='word_1_83' title='bbox 722 1396 880 1453; x_wconf 81' lang='lat' dir='ltr'><strong>lassitudini</strong></span> <span class='ocrx_word' id='word_1_84' title='bbox 903 1400 968 1470; x_wconf 92' lang='lat' dir='ltr'><strong>quia</strong></span> <span class='ocrx_word' id='word_1_85' title='bbox 991 1415 1041 1453; x_wconf 90' lang='lat' dir='ltr'><strong>sua</strong></span> <span class='ocrx_word' id='word_1_86' title='bbox 1063 1398 1181 1470; x_wconf 81' lang='lat' dir='ltr'><strong>qualitas</strong></span> <span class='ocrx_word' id='word_1_87' title='bbox 1204 1403 1248 1455; x_wconf 90' lang='lat' dir='ltr'><strong>est</strong></span> 
     </span>
     <span class='ocr_line' id='line_1_11' title="bbox 188 1477 1246 1540; baseline -0.001 0"><span class='ocrx_word' id='word_1_88' title='bbox 188 1477 323 1540; x_wconf 88' lang='lat' dir='ltr'><strong>caliditati</strong></span> <span class='ocrx_word' id='word_1_89' title='bbox 346 1483 459 1539; x_wconf 89' lang='lat' dir='ltr'><strong>animali</strong></span> <span class='ocrx_word' id='word_1_90' title='bbox 481 1482 587 1538; x_wconf 89' lang='lat' dir='ltr'><strong>similis.</strong></span> <span class='ocrx_word' id='word_1_91' title='bbox 612 1515 652 1522; x_wconf 91' lang='lat'><em>-</em></span> <span class='ocrx_word' id='word_1_92' title='bbox 676 1481 871 1538; x_wconf 81' lang='lat' dir='ltr'><strong>Castoreum</strong></span> <span class='ocrx_word' id='word_1_93' title='bbox 900 1483 1007 1538; x_wconf 89' lang='lat' dir='ltr'><strong>confert</strong></span> <span class='ocrx_word' id='word_1_94' title='bbox 1029 1485 1120 1539; x_wconf 88' lang='lat' dir='ltr'><strong>nervis</strong></span> <span class='ocrx_word' id='word_1_95' title='bbox 1144 1484 1246 1539; x_wconf 89' lang='lat' dir='ltr'><strong>calef-</strong></span> 
     </span>
     <span class='ocr_line' id='line_1_12' title="bbox 189 1565 1247 1626; baseline 0 -2"><span class='ocrx_word' id='word_1_96' title='bbox 189 1569 286 1626; x_wconf 90' lang='lat' dir='ltr'><strong>ciendo</strong></span> <span class='ocrx_word' id='word_1_97' title='bbox 310 1571 339 1625; x_wconf 91' lang='lat' dir='ltr'><strong>et</strong></span> <span class='ocrx_word' id='word_1_98' title='bbox 353 1567 550 1625; x_wconf 89' lang='lat' dir='ltr'><strong>consumendo.</strong></span> <span class='ocrx_word' id='word_1_99' title='bbox 588 1566 657 1623; x_wconf 89' lang='lat' dir='ltr'><strong>Item</strong></span> <span class='ocrx_word' id='word_1_100' title='bbox 674 1565 826 1623; x_wconf 82' lang='lat' dir='ltr'><strong>Aviolll.</strong></span> <span class='ocrx_word' id='word_1_101' title='bbox 852 1599 891 1608; x_wconf 82' lang='grc'><strong>-</strong></span> <span class='ocrx_word' id='word_1_102' title='bbox 915 1567 1040 1624; x_wconf 78' lang='lat' dir='ltr'><strong>Caseus</strong></span> <span class='ocrx_word' id='word_1_103' title='bbox 1062 1571 1160 1624; x_wconf 90' lang='lat' dir='ltr'><strong>vetus</strong></span> <span class='ocrx_word' id='word_1_104' title='bbox 1184 1585 1247 1624; x_wconf 90' lang='lat' dir='ltr'><strong>cum</strong></span> 
     </span>
     <span class='ocr_line' id='line_1_13' title="bbox 119 1651 1246 1728; baseline -0.001 -18"><span class='ocrx_word' id='word_1_105' title='bbox 119 1702 142 1728; x_wconf 71' lang='lat'>‚</span> <span class='ocrx_word' id='word_1_106' title='bbox 189 1655 250 1711; x_wconf 94' lang='lat' dir='ltr'><strong>oleo</strong></span> <span class='ocrx_word' id='word_1_107' title='bbox 273 1658 301 1710; x_wconf 90' lang='lat' dir='ltr'><strong>et</strong></span> <span class='ocrx_word' id='word_1_108' title='bbox 322 1669 395 1726; x_wconf 88' lang='lat' dir='ltr'><strong>aqua</strong></span> <span class='ocrx_word' id='word_1_109' title='bbox 416 1652 521 1727; x_wconf 90' lang='lat' dir='ltr'><strong>pedum</strong></span> <span class='ocrx_word' id='word_1_110' title='bbox 544 1668 691 1726; x_wconf 88' lang='lat' dir='ltr'><strong>porcorum</strong></span> <span class='ocrx_word' id='word_1_111' title='bbox 716 1651 859 1707; x_wconf 89' lang='lat' dir='ltr'><strong>salitorum</strong></span> <span class='ocrx_word' id='word_1_112' title='bbox 881 1652 1077 1725; x_wconf 89' lang='lat' dir='ltr'><strong>emplastratus</strong></span> <span class='ocrx_word' id='word_1_113' title='bbox 1100 1656 1142 1709; x_wconf 92' lang='lat' dir='ltr'><strong>est</strong></span> <span class='ocrx_word' id='word_1_114' title='bbox 1164 1654 1246 1710; x_wconf 90' lang='lat' dir='ltr'><strong>valde</strong></span> 
     </span>
     <span class='ocr_line' id='line_1_14' title="bbox 188 1737 1246 1812; baseline -0.001 -17"><span class='ocrx_word' id='word_1_115' title='bbox 188 1741 282 1812; x_wconf 85' lang='lat' dir='ltr'><strong>magni</strong></span> <span class='ocrx_word' id='word_1_116' title='bbox 311 1738 468 1811; x_wconf 86' lang='lat' dir='ltr'><strong>juvamenti</strong></span> <span class='ocrx_word' id='word_1_117' title='bbox 498 1737 608 1793; x_wconf 87' lang='lat' dir='ltr'><strong>duritiei</strong></span> <span class='ocrx_word' id='word_1_118' title='bbox 632 1738 826 1809; x_wconf 88' lang='lat' dir='ltr'><strong>juncturarum</strong></span> <span class='ocrx_word' id='word_1_119' title='bbox 853 1737 1025 1793; x_wconf 82' lang='lat' dir='ltr'><strong>extrahendo</strong></span> <span class='ocrx_word' id='word_1_120' title='bbox 1049 1740 1107 1794; x_wconf 89' lang='lat' dir='ltr'><strong>sine</strong></span> <span class='ocrx_word' id='word_1_121' title='bbox 1129 1739 1246 1811; x_wconf 89' lang='lat' dir='ltr'><strong>impedi-</strong></span> 
     </span>
     <span class='ocr_line' id='line_1_15' title="bbox 188 1821 1245 1892; baseline 0.001 -13"><span class='ocrx_word' id='word_1_122' title='bbox 188 1827 293 1882; x_wconf 88' lang='lat' dir='ltr'><strong>mento.</strong></span> <span class='ocrx_word' id='word_1_123' title='bbox 315 1855 357 1865; x_wconf 89' lang='lat'>—</span> <span class='ocrx_word' id='word_1_124' title='bbox 380 1822 618 1878; x_wconf 82' lang='lat' dir='ltr'><strong>Oinamomum:</strong></span> <span class='ocrx_word' id='word_1_125' title='bbox 643 1821 735 1878; x_wconf 90' lang='lat' dir='ltr'><strong>oleum</strong></span> <span class='ocrx_word' id='word_1_126' title='bbox 757 1823 818 1892; x_wconf 89' lang='lat' dir='ltr'><strong>ejus</strong></span> <span class='ocrx_word' id='word_1_127' title='bbox 841 1825 884 1878; x_wconf 89' lang='lat' dir='ltr'><strong>est</strong></span> <span class='ocrx_word' id='word_1_128' title='bbox 909 1821 1035 1878; x_wconf 90' lang='lat' dir='ltr'><strong>mirabile</strong></span> <span class='ocrx_word' id='word_1_129' title='bbox 1062 1825 1090 1878; x_wconf 90' lang='lat' dir='ltr'><strong>in</strong></span> <span class='ocrx_word' id='word_1_130' title='bbox 1117 1827 1245 1880; x_wconf 90' lang='lat' dir='ltr'><strong>tremore.</strong></span> 
     </span>
     <span class='ocr_line' id='line_1_16' title="bbox 190 1905 1246 1980; baseline 0 -17"><span class='ocrx_word' id='word_1_131' title='bbox 190 1941 229 1950; x_wconf 91' lang='lat'>-</span> <span class='ocrx_word' id='word_1_132' title='bbox 254 1907 523 1980; x_wconf 74' lang='lat' dir='ltr'><strong>coloquinthida</strong></span> <span class='ocrx_word' id='word_1_133' title='bbox 545 1905 653 1962; x_wconf 86' lang='lat' dir='ltr'><strong>confort</strong></span> <span class='ocrx_word' id='word_1_134' title='bbox 674 1905 815 1961; x_wconf 87' lang='lat' dir='ltr'><strong>doloribus</strong></span> <span class='ocrx_word' id='word_1_135' title='bbox 838 1923 986 1962; x_wconf 88' lang='lat' dir='ltr'><strong>nervorum</strong></span> <span class='ocrx_word' id='word_1_136' title='bbox 1008 1911 1036 1963; x_wconf 90' lang='lat' dir='ltr'><strong>et</strong></span> <span class='ocrx_word' id='word_1_137' title='bbox 1053 1911 1246 1979; x_wconf 88' lang='lat' dir='ltr'><strong>juncturarum</strong></span> 
     </span>
     <span class='ocr_line' id='line_1_17' title="bbox 188 1991 1246 2067; baseline 0 -18"><span class='ocrx_word' id='word_1_138' title='bbox 188 1992 349 2050; x_wconf 84' lang='lat' dir='ltr'><strong>evacuando</strong></span> <span class='ocrx_word' id='word_1_139' title='bbox 372 1993 480 2064; x_wconf 86' lang='lat' dir='ltr'><strong>flegma.</strong></span> <span class='ocrx_word' id='word_1_140' title='bbox 505 2023 546 2031; x_wconf 91' lang='lat'>-</span> <span class='ocrx_word' id='word_1_141' title='bbox 570 1991 665 2047; x_wconf 82' lang='lat' dir='ltr'><strong>Cicer</strong></span> <span class='ocrx_word' id='word_1_142' title='bbox 688 1991 795 2048; x_wconf 88' lang='lat' dir='ltr'><strong>confert</strong></span> <span class='ocrx_word' id='word_1_143' title='bbox 810 1991 898 2047; x_wconf 91' lang='lat' dir='ltr'><strong>dolori</strong></span> <span class='ocrx_word' id='word_1_144' title='bbox 913 1992 996 2047; x_wconf 86' lang='lat' dir='ltr'><strong>dorsi.</strong></span> <span class='ocrx_word' id='word_1_145' title='bbox 1021 2025 1061 2034; x_wconf 90' lang='lat'>—</span> <span class='ocrx_word' id='word_1_146' title='bbox 1085 1993 1246 2067; x_wconf 79' lang='lat' dir='ltr'><strong>Capparis</strong></span> 
     </span>
     <span class='ocr_line' id='line_1_18' title="bbox 189 2076 1246 2151; baseline 0.002 -17"><span class='ocrx_word' id='word_1_147' title='bbox 189 2078 296 2134; x_wconf 90' lang='lat' dir='ltr'><strong>confert</strong></span> <span class='ocrx_word' id='word_1_148' title='bbox 315 2077 438 2151; x_wconf 80' lang='lat' dir='ltr'><strong>paralysi</strong></span> <span class='ocrx_word' id='word_1_149' title='bbox 461 2076 675 2148; x_wconf 83' lang='lat' dir='ltr'><strong>constringendo</strong></span> <span class='ocrx_word' id='word_1_150' title='bbox 698 2077 763 2149; x_wconf 90' lang='lat' dir='ltr'><strong>quia</strong></span> <span class='ocrx_word' id='word_1_151' title='bbox 778 2078 930 2150; x_wconf 89' lang='lat' dir='ltr'><strong>stypticum</strong></span> <span class='ocrx_word' id='word_1_152' title='bbox 945 2080 973 2132; x_wconf 91' lang='lat' dir='ltr'><strong>et</strong></span> <span class='ocrx_word' id='word_1_153' title='bbox 995 2079 1018 2131; x_wconf 91' lang='lat' dir='ltr'><strong>si</strong></span> <span class='ocrx_word' id='word_1_154' title='bbox 1037 2095 1071 2133; x_wconf 84' lang='lat' dir='ltr'><strong>ex</strong></span> <span class='ocrx_word' id='word_1_155' title='bbox 1088 2080 1148 2150; x_wconf 90' lang='lat' dir='ltr'><strong>ejus</strong></span> <span class='ocrx_word' id='word_1_156' title='bbox 1164 2096 1246 2136; x_wconf 86' lang='lat' dir='ltr'><strong>succo</strong></span> 
     </span>
     <span class='ocr_line' id='line_1_19' title="bbox 188 2160 1245 2235; baseline 0.001 -17"><span class='ocrx_word' id='word_1_157' title='bbox 188 2163 237 2219; x_wconf 91' lang='lat' dir='ltr'><strong>fiat</strong></span> <span class='ocrx_word' id='word_1_158' title='bbox 259 2162 377 2235; x_wconf 79' lang='lat' dir='ltr'><strong>clystere</strong></span> <span class='ocrx_word' id='word_1_159' title='bbox 401 2160 507 2217; x_wconf 89' lang='lat' dir='ltr'><strong>confert</strong></span> <span class='ocrx_word' id='word_1_160' title='bbox 528 2161 611 2216; x_wconf 80' lang='lat' dir='ltr'><strong>valde</strong></span> <span class='ocrx_word' id='word_1_161' title='bbox 634 2162 772 2217; x_wconf 89' lang='lat' dir='ltr'><strong>sciaticae.</strong></span> <span class='ocrx_word' id='word_1_162' title='bbox 796 2192 837 2201; x_wconf 95' lang='lat'>—</span> <span class='ocrx_word' id='word_1_163' title='bbox 860 2161 974 2217; x_wconf 80' lang='lat' dir='ltr'><strong>Cauiis</strong></span> <span class='ocrx_word' id='word_1_164' title='bbox 998 2162 1104 2218; x_wconf 89' lang='lat' dir='ltr'><strong>confert</strong></span> <span class='ocrx_word' id='word_1_165' title='bbox 1125 2166 1245 2219; x_wconf 90' lang='lat' dir='ltr'><strong>tremori.</strong></span> 
     </span>
     <span class='ocr_line' id='line_1_20' title="bbox 189 2245 1245 2321; baseline 0.002 -19"><span class='ocrx_word' id='word_1_166' title='bbox 189 2280 230 2288; x_wconf 84' lang='lat'>—</span> <span class='ocrx_word' id='word_1_167' title='bbox 253 2247 419 2321; x_wconf 73' lang='lat' dir='ltr'><strong>cyperum</strong></span> <span class='ocrx_word' id='word_1_168' title='bbox 435 2245 541 2302; x_wconf 87' lang='lat' dir='ltr'><strong>confert</strong></span> <span class='ocrx_word' id='word_1_169' title='bbox 556 2247 657 2302; x_wconf 85' lang='lat' dir='ltr'><strong>nervis.</strong></span> <span class='ocrx_word' id='word_1_170' title='bbox 682 2279 723 2287; x_wconf 92' lang='lat'>-</span> <span class='ocrx_word' id='word_1_171' title='bbox 746 2245 862 2318; x_wconf 82' lang='lat' dir='ltr'><strong>Cassia</strong></span> <span class='ocrx_word' id='word_1_172' title='bbox 876 2246 969 2320; x_wconf 85' lang='lat' dir='ltr'><strong>lignea</strong></span> <span class='ocrx_word' id='word_1_173' title='bbox 984 2247 1121 2304; x_wconf 88' lang='lat' dir='ltr'><strong>confortat</strong></span> <span class='ocrx_word' id='word_1_174' title='bbox 1137 2265 1245 2304; x_wconf 79' lang='lat' dir='ltr'><strong>nervos</strong></span> 
     </span>
     <span class='ocr_line' id='line_1_21' title="bbox 189 2325 1248 2406; baseline 0.002 -19"><span class='ocrx_word' id='word_1_175' title='bbox 189 2365 230 2373; x_wconf 89' lang='lat'>—</span> <span class='ocrx_word' id='word_1_176' title='bbox 253 2325 453 2404; x_wconf 74' lang='lat' dir='ltr'><strong>Garachi¹²¹)</strong></span> <span class='ocrx_word' id='word_1_177' title='bbox 474 2332 492 2390; x_wconf 90' lang='lat' dir='ltr'><strong>i.</strong></span> <span class='ocrx_word' id='word_1_178' title='bbox 506 2349 530 2387; x_wconf 94' lang='lat' dir='ltr'><strong>e.</strong></span> <span class='ocrx_word' id='word_1_179' title='bbox 547 2330 675 2387; x_wconf 88' lang='lat' dir='ltr'><strong>lumbrici</strong></span> <span class='ocrx_word' id='word_1_180' title='bbox 689 2333 778 2386; x_wconf 88' lang='lat' dir='ltr'><strong>terrae</strong></span> <span class='ocrx_word' id='word_1_181' title='bbox 794 2333 904 2386; x_wconf 88' lang='lat' dir='ltr'><strong>contriti</strong></span> <span class='ocrx_word' id='word_1_182' title='bbox 918 2333 1003 2404; x_wconf 90' lang='lat' dir='ltr'><strong>positi</strong></span> <span class='ocrx_word' id='word_1_183' title='bbox 1025 2349 1110 2406; x_wconf 89' lang='lat' dir='ltr'><strong>super</strong></span> <span class='ocrx_word' id='word_1_184' title='bbox 1132 2333 1248 2389; x_wconf 88' lang='lat' dir='ltr'><strong>vulnera</strong></span> 
     </span>
     <span class='ocr_line' id='line_1_22' title="bbox 188 2415 1244 2489; baseline 0.001 -17"><span class='ocrx_word' id='word_1_185' title='bbox 188 2433 335 2474; x_wconf 90' lang='lat' dir='ltr'><strong>nervorum</strong></span> <span class='ocrx_word' id='word_1_186' title='bbox 359 2420 387 2473; x_wconf 89' lang='lat' dir='ltr'><strong>et</strong></span> <span class='ocrx_word' id='word_1_187' title='bbox 409 2417 515 2471; x_wconf 91' lang='lat' dir='ltr'><strong>dimissi</strong></span> <span class='ocrx_word' id='word_1_188' title='bbox 537 2432 586 2489; x_wconf 87' lang='lat' dir='ltr'><strong>per</strong></span> <span class='ocrx_word' id='word_1_189' title='bbox 609 2416 630 2471; x_wconf 83' lang='lat'><strong>3.</strong></span> <span class='ocrx_word' id='word_1_190' title='bbox 650 2416 709 2471; x_wconf 91' lang='lat' dir='ltr'><strong>dies</strong></span> <span class='ocrx_word' id='word_1_191' title='bbox 733 2415 879 2471; x_wconf 89' lang='lat' dir='ltr'><strong>conferunt</strong></span> <span class='ocrx_word' id='word_1_192' title='bbox 893 2416 975 2472; x_wconf 92' lang='lat' dir='ltr'><strong>valde</strong></span> <span class='ocrx_word' id='word_1_193' title='bbox 991 2416 1145 2473; x_wconf 87' lang='lat' dir='ltr'><strong>secundum</strong></span> <span class='ocrx_word' id='word_1_194' title='bbox 1160 2419 1244 2474; x_wconf 89' lang='lat' dir='ltr'><strong>Hali.</strong></span> 
     </span>
     <span class='ocr_line' id='line_1_23' title="bbox 189 2499 1247 2577; baseline 0.002 -20"><span class='ocrx_word' id='word_1_195' title='bbox 189 2533 229 2543; x_wconf 91' lang='lat'><strong>-—</strong></span> <span class='ocrx_word' id='word_1_196' title='bbox 254 2502 397 2557; x_wconf 81' lang='lat' dir='ltr'><strong>Condisi</strong></span> <span class='ocrx_word' id='word_1_197' title='bbox 412 2501 555 2556; x_wconf 90' lang='lat' dir='ltr'><strong>sufflatum</strong></span> <span class='ocrx_word' id='word_1_198' title='bbox 575 2502 603 2555; x_wconf 92' lang='lat' dir='ltr'><strong>in</strong></span> <span class='ocrx_word' id='word_1_199' title='bbox 620 2501 731 2557; x_wconf 87' lang='lat' dir='ltr'><strong>naribus</strong></span> <span class='ocrx_word' id='word_1_200' title='bbox 754 2499 861 2556; x_wconf 90' lang='lat' dir='ltr'><strong>confert</strong></span> <span class='ocrx_word' id='word_1_201' title='bbox 882 2502 910 2555; x_wconf 91' lang='lat' dir='ltr'><strong>in</strong></span> <span class='ocrx_word' id='word_1_202' title='bbox 933 2501 1054 2574; x_wconf 88' lang='lat' dir='ltr'><strong>paralysi</strong></span> <span class='ocrx_word' id='word_1_203' title='bbox 1077 2504 1141 2576; x_wconf 89' lang='lat' dir='ltr'><strong>quia</strong></span> <span class='ocrx_word' id='word_1_204' title='bbox 1164 2507 1247 2577; x_wconf 90' lang='lat' dir='ltr'><strong>caput</strong></span> 
     </span>
     <span class='ocr_line' id='line_1_24' title="bbox 188 2585 1246 2661; baseline 0.002 -20"><span class='ocrx_word' id='word_1_205' title='bbox 188 2589 295 2661; x_wconf 83' lang='lat' dir='ltr'><strong>purgat.</strong></span> <span class='ocrx_word' id='word_1_206' title='bbox 313 2619 353 2628; x_wconf 92' lang='lat'>-</span> <span class='ocrx_word' id='word_1_207' title='bbox 370 2587 558 2660; x_wconf 74' lang='lat' dir='ltr'><strong>cypressus</strong></span> <span class='ocrx_word' id='word_1_208' title='bbox 574 2585 711 2642; x_wconf 87' lang='lat' dir='ltr'><strong>confortat</strong></span> <span class='ocrx_word' id='word_1_209' title='bbox 726 2602 826 2641; x_wconf 81' lang='lat' dir='ltr'><strong>nervos</strong></span> <span class='ocrx_word' id='word_1_210' title='bbox 842 2586 1065 2658; x_wconf 85' lang='lat' dir='ltr'><strong>constringendo.</strong></span> <span class='ocrx_word' id='word_1_211' title='bbox 1088 2620 1126 2629; x_wconf 88' lang='lat'>—</span> <span class='ocrx_word' id='word_1_212' title='bbox 1152 2587 1246 2643; x_wconf 83' lang='lat' dir='ltr'><strong>Cala-</strong></span> 
     </span>
     <span class='ocr_line' id='line_1_25' title="bbox 188 2670 1246 2745; baseline 0.002 -19"><span class='ocrx_word' id='word_1_213' title='bbox 188 2674 334 2727; x_wconf 88' lang='lat' dir='ltr'><strong>mentum</strong></span> <span class='ocrx_word' id='word_1_214' title='bbox 356 2671 566 2745; x_wconf 87' lang='lat' dir='ltr'><strong>emplastratum</strong></span> <span class='ocrx_word' id='word_1_215' title='bbox 586 2670 693 2726; x_wconf 90' lang='lat' dir='ltr'><strong>confert</strong></span> <span class='ocrx_word' id='word_1_216' title='bbox 715 2671 842 2726; x_wconf 91' lang='lat' dir='ltr'><strong>sciaticae</strong></span> <span class='ocrx_word' id='word_1_217' title='bbox 865 2671 1054 2728; x_wconf 90' lang='lat' dir='ltr'><strong>calefaciendo</strong></span> <span class='ocrx_word' id='word_1_218' title='bbox 1076 2673 1246 2730; x_wconf 85' lang='lat' dir='ltr'><strong>extrahendo</strong></span> 
     </span>
     <span class='ocr_line' id='line_1_26' title="bbox 189 2756 1246 2830; baseline 0.002 -18"><span class='ocrx_word' id='word_1_219' title='bbox 189 2773 224 2812; x_wconf 86' lang='lat' dir='ltr'><strong>ex</strong></span> <span class='ocrx_word' id='word_1_220' title='bbox 246 2756 384 2830; x_wconf 89' lang='lat' dir='ltr'><strong>profundo</strong></span> <span class='ocrx_word' id='word_1_221' title='bbox 408 2756 566 2813; x_wconf 83' lang='lat' dir='ltr'><strong>etconfert</strong></span> <span class='ocrx_word' id='word_1_222' title='bbox 591 2757 683 2812; x_wconf 90' lang='lat' dir='ltr'><strong>nervis</strong></span> <span class='ocrx_word' id='word_1_223' title='bbox 713 2773 763 2811; x_wconf 90' lang='lat' dir='ltr'><strong>sua</strong></span> <span class='ocrx_word' id='word_1_224' title='bbox 791 2757 934 2814; x_wconf 89' lang='lat' dir='ltr'><strong>incisione.</strong></span> <span class='ocrx_word' id='word_1_225' title='bbox 968 2789 1007 2796; x_wconf 97' lang='lat'>-</span> <span class='ocrx_word' id='word_1_226' title='bbox 1043 2756 1246 2814; x_wconf 83' lang='lat' dir='ltr'><strong>Cordumeni</strong></span> 
     </span>
     <span class='ocr_line' id='line_1_27' title="bbox 189 2840 1247 2915; baseline 0.003 -19"><span class='ocrx_word' id='word_1_227' title='bbox 189 2841 295 2897; x_wconf 90' lang='lat' dir='ltr'><strong>confert</strong></span> <span class='ocrx_word' id='word_1_228' title='bbox 310 2841 432 2915; x_wconf 90' lang='lat' dir='ltr'><strong>paralysi</strong></span> <span class='ocrx_word' id='word_1_229' title='bbox 448 2844 476 2897; x_wconf 90' lang='lat' dir='ltr'><strong>et</strong></span> <span class='ocrx_word' id='word_1_230' title='bbox 497 2842 626 2897; x_wconf 90' lang='lat' dir='ltr'><strong>sciaticae</strong></span> <span class='ocrx_word' id='word_1_231' title='bbox 649 2857 683 2896; x_wconf 85' lang='lat' dir='ltr'><strong>ex</strong></span> <span class='ocrx_word' id='word_1_232' title='bbox 704 2841 843 2913; x_wconf 83' lang='lat' dir='ltr'><strong>flegmate.</strong></span> <span class='ocrx_word' id='word_1_233' title='bbox 868 2873 908 2882; x_wconf 90' lang='lat'><em>-</em></span> <span class='ocrx_word' id='word_1_234' title='bbox 932 2840 1120 2898; x_wconf 75' lang='lat' dir='ltr'><strong>Centaurea</strong></span> <span class='ocrx_word' id='word_1_235' title='bbox 1141 2845 1247 2899; x_wconf 89' lang='lat' dir='ltr'><strong>minor</strong></span> 
     </span>
     <span class='ocr_line' id='line_1_28' title="bbox 190 2924 1245 2983; baseline 0.002 -2"><span class='ocrx_word' id='word_1_236' title='bbox 190 2925 296 2981; x_wconf 88' lang='lat' dir='ltr'><strong>confert</strong></span> <span class='ocrx_word' id='word_1_237' title='bbox 318 2928 411 2982; x_wconf 89' lang='lat' dir='ltr'><strong>nervis</strong></span> <span class='ocrx_word' id='word_1_238' title='bbox 434 2928 462 2981; x_wconf 90' lang='lat' dir='ltr'><strong>et</strong></span> <span class='ocrx_word' id='word_1_239' title='bbox 484 2927 622 2982; x_wconf 88' lang='lat' dir='ltr'><strong>sciaticae.</strong></span> <span class='ocrx_word' id='word_1_240' title='bbox 657 2957 698 2966; x_wconf 93' lang='lat'>-</span> <span class='ocrx_word' id='word_1_241' title='bbox 733 2924 855 2982; x_wconf 85' lang='lat' dir='ltr'><strong>Costus</strong></span> <span class='ocrx_word' id='word_1_242' title='bbox 883 2925 990 2982; x_wconf 87' lang='lat' dir='ltr'><strong>confert</strong></span> <span class='ocrx_word' id='word_1_243' title='bbox 1010 2929 1103 2982; x_wconf 91' lang='lat' dir='ltr'><strong>nervis</strong></span> <span class='ocrx_word' id='word_1_244' title='bbox 1127 2930 1154 2983; x_wconf 90' lang='lat' dir='ltr'><strong>et</strong></span> <span class='ocrx_word' id='word_1_245' title='bbox 1176 2930 1245 2983; x_wconf 90' lang='lat' dir='ltr'><strong>scia-</strong></span> 
     </span>
     <span class='ocr_line' id='line_1_29' title="bbox 188 3010 1245 3085; baseline 0.003 -20"><span class='ocrx_word' id='word_1_246' title='bbox 188 3011 260 3066; x_wconf 86' lang='lat' dir='ltr'><strong>ticae</strong></span> <span class='ocrx_word' id='word_1_247' title='bbox 276 3011 478 3084; x_wconf 84' lang='lat' dir='ltr'><strong>emplastratus</strong></span> <span class='ocrx_word' id='word_1_248' title='bbox 500 3043 541 3052; x_wconf 90' lang='lat'><strong>—</strong></span> <span class='ocrx_word' id='word_1_249' title='bbox 564 3010 659 3067; x_wconf 78' lang='lat' dir='ltr'><strong>Croci</strong></span> <span class='ocrx_word' id='word_1_250' title='bbox 674 3010 811 3066; x_wconf 87' lang='lat' dir='ltr'><strong>hortensis</strong></span> <span class='ocrx_word' id='word_1_251' title='bbox 828 3027 923 3068; x_wconf 89' lang='lat' dir='ltr'><strong>semen</strong></span> <span class='ocrx_word' id='word_1_252' title='bbox 938 3013 1059 3084; x_wconf 90' lang='lat' dir='ltr'><strong>positum</strong></span> <span class='ocrx_word' id='word_1_253' title='bbox 1076 3014 1105 3067; x_wconf 91' lang='lat' dir='ltr'><strong>in</strong></span> <span class='ocrx_word' id='word_1_254' title='bbox 1121 3013 1245 3085; x_wconf 89' lang='lat' dir='ltr'><strong>clysteri-</strong></span> 
     </span>
     <span class='ocr_line' id='line_1_30' title="bbox 188 3094 1242 3171; baseline 0.003 -21"><span class='ocrx_word' id='word_1_255' title='bbox 188 3095 241 3150; x_wconf 90' lang='lat' dir='ltr'><strong>bus</strong></span> <span class='ocrx_word' id='word_1_256' title='bbox 275 3094 411 3151; x_wconf 88' lang='lat' dir='ltr'><strong>confortat</strong></span> <span class='ocrx_word' id='word_1_257' title='bbox 441 3111 542 3152; x_wconf 90' lang='lat' dir='ltr'><strong>nervos</strong></span> <span class='ocrx_word' id='word_1_258' title='bbox 570 3095 724 3152; x_wconf 91' lang='lat' dir='ltr'><strong>secundum</strong></span> <span class='ocrx_word' id='word_1_259' title='bbox 746 3096 839 3151; x_wconf 88' lang='lat' dir='ltr'><strong>Avic.</strong></span> <span class='ocrx_word' id='word_1_260' title='bbox 856 3096 894 3151; x_wconf 91' lang='grc' dir='ltr'><strong>ΙΙΙ</strong></span> <span class='ocrx_word' id='word_1_261' title='bbox 917 3112 976 3169; x_wconf 95' lang='lat' dir='ltr'><strong>cap.</strong></span> <span class='ocrx_word' id='word_1_262' title='bbox 1001 3096 1034 3152; x_wconf 94' lang='lat' dir='ltr'><strong>de</strong></span> <span class='ocrx_word' id='word_1_263' title='bbox 1057 3100 1179 3171; x_wconf 90' lang='lat' dir='ltr'><strong>stupore.</strong></span> <span class='ocrx_word' id='word_1_264' title='bbox 1206 3131 1242 3138; x_wconf 92' lang='lat'>—</span> 
     </span>
     <span class='ocr_line' id='line_1_31' title="bbox 189 3178 1246 3256; baseline 0.005 -22"><span class='ocrx_word' id='word_1_265' title='bbox 189 3178 337 3235; x_wconf 86' lang='lat' dir='ltr'><strong>Denidar</strong></span> <span class='ocrx_word' id='word_1_266' title='bbox 366 3182 384 3236; x_wconf 90' lang='lat' dir='ltr'><strong>i.</strong></span> <span class='ocrx_word' id='word_1_267' title='bbox 407 3197 431 3236; x_wconf 91' lang='lat' dir='ltr'><strong>e.</strong></span> <span class='ocrx_word' id='word_1_268' title='bbox 462 3182 608 3255; x_wconf 88' lang='lat' dir='ltr'><strong>juniperus</strong></span> <span class='ocrx_word' id='word_1_269' title='bbox 642 3182 749 3237; x_wconf 89' lang='lat' dir='ltr'><strong>confert</strong></span> <span class='ocrx_word' id='word_1_270' title='bbox 782 3180 903 3255; x_wconf 87' lang='lat' dir='ltr'><strong>paralysi</strong></span> <span class='ocrx_word' id='word_1_271' title='bbox 933 3181 1046 3238; x_wconf 88' lang='lat' dir='ltr'><strong>ultimae</strong></span> <span class='ocrx_word' id='word_1_272' title='bbox 1079 3199 1170 3256; x_wconf 89' lang='lat' dir='ltr'><strong>neque</strong></span> <span class='ocrx_word' id='word_1_273' title='bbox 1203 3188 1246 3240; x_wconf 91' lang='lat' dir='ltr'><strong>est</strong></span> 
     </span>
     <span class='ocr_line' id='line_1_32' title="bbox 119 3264 1245 3337; baseline 0.004 -17"><span class='ocrx_word' id='word_1_274' title='bbox 119 3331 120 3336; x_wconf 7' lang='grc' dir='ltr'>ἵ</span> <span class='ocrx_word' id='word_1_275' title='bbox 189 3281 222 3321; x_wconf 90' lang='lat' dir='ltr'><strong>eo</strong></span> <span class='ocrx_word' id='word_1_276' title='bbox 250 3264 354 3337; x_wconf 88' lang='lat' dir='ltr'><strong>aliquid</strong></span> <span class='ocrx_word' id='word_1_277' title='bbox 383 3265 491 3321; x_wconf 89' lang='lat' dir='ltr'><strong>melius.</strong></span> <span class='ocrx_word' id='word_1_278' title='bbox 530 3299 564 3307; x_wconf 90' lang='lat'><em>-</em></span> <span class='ocrx_word' id='word_1_279' title='bbox 602 3265 775 3321; x_wconf 87' lang='lat' dir='ltr'><strong>Emblicus</strong></span> <span class='ocrx_word' id='word_1_280' title='bbox 810 3266 917 3323; x_wconf 88' lang='lat' dir='ltr'><strong>confert</strong></span> <span class='ocrx_word' id='word_1_281' title='bbox 943 3269 1036 3323; x_wconf 88' lang='lat' dir='ltr'><strong>nervis</strong></span> <span class='ocrx_word' id='word_1_282' title='bbox 1065 3267 1147 3324; x_wconf 88' lang='lat' dir='ltr'><strong>valde</strong></span> <span class='ocrx_word' id='word_1_283' title='bbox 1181 3285 1245 3324; x_wconf 88' lang='lat' dir='ltr'><strong>eva-</strong></span> 
     </span>
     <span class='ocr_line' id='line_1_33' title="bbox 189 3349 1245 3425; baseline 0.004 -21"><span class='ocrx_word' id='word_1_284' title='bbox 189 3349 297 3405; x_wconf 89' lang='lat' dir='ltr'><strong>cuando</strong></span> <span class='ocrx_word' id='word_1_285' title='bbox 313 3353 341 3405; x_wconf 90' lang='lat' dir='ltr'><strong>et</strong></span> <span class='ocrx_word' id='word_1_286' title='bbox 357 3349 546 3406; x_wconf 90' lang='lat' dir='ltr'><strong>confortando.</strong></span> <span class='ocrx_word' id='word_1_287' title='bbox 572 3381 611 3392; x_wconf 86' lang='lat'>-</span> <span class='ocrx_word' id='word_1_288' title='bbox 634 3350 841 3424; x_wconf 89' lang='lat' dir='ltr'><strong>Epithimum</strong></span> <span class='ocrx_word' id='word_1_289' title='bbox 858 3352 964 3408; x_wconf 90' lang='lat' dir='ltr'><strong>confert</strong></span> <span class='ocrx_word' id='word_1_290' title='bbox 979 3367 1104 3425; x_wconf 71' lang='lat' dir='ltr'><strong>spasmo.</strong></span> <span class='ocrx_word' id='word_1_291' title='bbox 1116 3386 1157 3393; x_wconf 93' lang='lat'>—</span> <span class='ocrx_word' id='word_1_292' title='bbox 1180 3352 1245 3408; x_wconf 88' lang='lat' dir='ltr'><strong>Eu-</strong></span> 
     </span>
     <span class='ocr_line' id='line_1_34' title="bbox 189 3434 1245 3509; baseline 0.005 -20"><span class='ocrx_word' id='word_1_293' title='bbox 189 3434 349 3490; x_wconf 87' lang='lat' dir='ltr'><strong>forbium:</strong></span> <span class='ocrx_word' id='word_1_294' title='bbox 371 3435 463 3492; x_wconf 89' lang='lat' dir='ltr'><strong>oleum</strong></span> <span class='ocrx_word' id='word_1_295' title='bbox 481 3436 541 3506; x_wconf 88' lang='lat' dir='ltr'><strong>ejus</strong></span> <span class='ocrx_word' id='word_1_296' title='bbox 556 3435 662 3492; x_wconf 90' lang='lat' dir='ltr'><strong>confert</strong></span> <span class='ocrx_word' id='word_1_297' title='bbox 678 3435 800 3509; x_wconf 91' lang='lat' dir='ltr'><strong>paralysi</strong></span> <span class='ocrx_word' id='word_1_298' title='bbox 815 3436 905 3493; x_wconf 90' lang='lat' dir='ltr'><strong>valde.</strong></span> <span class='ocrx_word' id='word_1_299' title='bbox 932 3469 967 3477; x_wconf 89' lang='lat'><em>-</em></span> <span class='ocrx_word' id='word_1_300' title='bbox 993 3438 1095 3492; x_wconf 89' lang='lat' dir='ltr'><strong>Ericii</strong></span> <span class='ocrx_word' id='word_1_301' title='bbox 1117 3441 1245 3494; x_wconf 86' lang='lat' dir='ltr'><strong>terreni</strong></span> 
     </span>
     <span class='ocr_line' id='line_1_35' title="bbox 189 3519 1245 3594; baseline 0.004 -19"><span class='ocrx_word' id='word_1_302' title='bbox 189 3535 252 3576; x_wconf 88' lang='lat' dir='ltr'><strong>caro</strong></span> <span class='ocrx_word' id='word_1_303' title='bbox 276 3520 356 3575; x_wconf 92' lang='lat' dir='ltr'><strong>salita</strong></span> <span class='ocrx_word' id='word_1_304' title='bbox 379 3519 484 3576; x_wconf 86' lang='lat' dir='ltr'><strong>confert</strong></span> <span class='ocrx_word' id='word_1_305' title='bbox 505 3520 629 3594; x_wconf 86' lang='lat' dir='ltr'><strong>paralysi</strong></span> <span class='ocrx_word' id='word_1_306' title='bbox 651 3523 678 3576; x_wconf 89' lang='lat' dir='ltr'><strong>et</strong></span> <span class='ocrx_word' id='word_1_307' title='bbox 699 3522 802 3580; x_wconf 82' lang='lat' dir='ltr'><strong>nervis.</strong></span> <span class='ocrx_word' id='word_1_308' title='bbox 830 3554 864 3560; x_wconf 90' lang='lat'><strong>-</strong></span> <span class='ocrx_word' id='word_1_309' title='bbox 896 3521 1005 3577; x_wconf 89' lang='lat' dir='ltr'><strong>Enula</strong></span> <span class='ocrx_word' id='word_1_310' title='bbox 1028 3522 1134 3578; x_wconf 89' lang='lat' dir='ltr'><strong>confert</strong></span> <span class='ocrx_word' id='word_1_311' title='bbox 1157 3523 1245 3579; x_wconf 89' lang='lat' dir='ltr'><strong>dolori</strong></span> 
     </span>
     <span class='ocr_line' id='line_1_36' title="bbox 185 3605 1245 3681; baseline 0.004 -22"><span class='ocrx_word' id='word_1_312' title='bbox 185 3605 388 3675; x_wconf 88' lang='lat' dir='ltr'><strong>juncturarum.</strong></span> <span class='ocrx_word' id='word_1_313' title='bbox 409 3637 450 3646; x_wconf 95' lang='lat'>—</span> <span class='ocrx_word' id='word_1_314' title='bbox 473 3605 653 3661; x_wconf 88' lang='lat' dir='ltr'><strong>Elleborus</strong></span> <span class='ocrx_word' id='word_1_315' title='bbox 677 3609 793 3661; x_wconf 90' lang='lat' dir='ltr'><strong>evacuat</strong></span> <span class='ocrx_word' id='word_1_316' title='bbox 808 3608 952 3662; x_wconf 87' lang='lat' dir='ltr'><strong>materiam</strong></span> <span class='ocrx_word' id='word_1_317' title='bbox 966 3607 1102 3681; x_wconf 87' lang='lat' dir='ltr'><strong>paralysis</strong></span> <span class='ocrx_word' id='word_1_318' title='bbox 1125 3611 1153 3663; x_wconf 89' lang='lat' dir='ltr'><strong>et</strong></span> <span class='ocrx_word' id='word_1_319' title='bbox 1164 3610 1245 3680; x_wconf 90' lang='lat' dir='ltr'><strong>junc-</strong></span> 
     </span>
     <span class='ocr_line' id='line_1_37' title="bbox 187 3689 1244 3764; baseline 0.006 -21"><span class='ocrx_word' id='word_1_320' title='bbox 187 3692 312 3744; x_wconf 89' lang='lat' dir='ltr'><strong>turarum</strong></span> <span class='ocrx_word' id='word_1_321' title='bbox 335 3689 462 3745; x_wconf 92' lang='lat' dir='ltr'><strong>omnibus</strong></span> <span class='ocrx_word' id='word_1_322' title='bbox 486 3691 546 3746; x_wconf 89' lang='lat' dir='ltr'><strong>aliis</strong></span> <span class='ocrx_word' id='word_1_323' title='bbox 569 3690 676 3746; x_wconf 89' lang='lat' dir='ltr'><strong>fortius.</strong></span> <span class='ocrx_word' id='word_1_324' title='bbox 708 3721 748 3732; x_wconf 90' lang='lat'>-</span> <span class='ocrx_word' id='word_1_325' title='bbox 778 3690 886 3764; x_wconf 83' lang='lat' dir='ltr'><strong>Erugo</strong></span> <span class='ocrx_word' id='word_1_326' title='bbox 910 3692 991 3748; x_wconf 88' lang='lat' dir='ltr'><strong>ferri</strong></span> <span class='ocrx_word' id='word_1_327' title='bbox 1014 3710 1077 3748; x_wconf 90' lang='lat' dir='ltr'><strong>cum</strong></span> <span class='ocrx_word' id='word_1_328' title='bbox 1099 3694 1163 3749; x_wconf 90' lang='lat' dir='ltr'><strong>vino</strong></span> <span class='ocrx_word' id='word_1_329' title='bbox 1187 3711 1244 3749; x_wconf 91' lang='lat' dir='ltr'><strong>em-</strong></span> 
     </span>
    </p>
   </div>
   <div class='ocr_carea' id='block_1_3' title="bbox 188 3773 1246 4103">
    <p class='ocr_par' dir='ltr' id='par_1_3' title="bbox 188 3773 1246 4103">
     <span class='ocr_line' id='line_1_38' title="bbox 189 3773 1244 3849; baseline 0.006 -21"><span class='ocrx_word' id='word_1_330' title='bbox 189 3773 323 3847; x_wconf 87' lang='lat' dir='ltr'><strong>plastrata</strong></span> <span class='ocrx_word' id='word_1_331' title='bbox 356 3774 494 3848; x_wconf 80' lang='lat' dir='ltr'><strong>podagrae</strong></span> <span class='ocrx_word' id='word_1_332' title='bbox 522 3780 550 3831; x_wconf 91' lang='lat' dir='ltr'><strong>et</strong></span> <span class='ocrx_word' id='word_1_333' title='bbox 578 3775 699 3831; x_wconf 82' lang='lat' dir='ltr'><strong>maxime</strong></span> <span class='ocrx_word' id='word_1_334' title='bbox 726 3775 859 3832; x_wconf 90' lang='lat' dir='ltr'><strong>colericae</strong></span> <span class='ocrx_word' id='word_1_335' title='bbox 885 3776 1071 3849; x_wconf 84' lang='lat' dir='ltr'><strong>infrigidando</strong></span> <span class='ocrx_word' id='word_1_336' title='bbox 1095 3781 1122 3834; x_wconf 94' lang='lat' dir='ltr'><strong>et</strong></span> <span class='ocrx_word' id='word_1_337' title='bbox 1145 3795 1244 3834; x_wconf 90' lang='lat' dir='ltr'><strong>consu-</strong></span> 
     </span>
     <span class='ocr_line' id='line_1_39' title="bbox 189 3858 1246 3934; baseline 0.005 -21"><span class='ocrx_word' id='word_1_338' title='bbox 189 3859 289 3914; x_wconf 90' lang='lat' dir='ltr'><strong>mendo</strong></span> <span class='ocrx_word' id='word_1_339' title='bbox 313 3859 428 3915; x_wconf 89' lang='lat' dir='ltr'><strong>confert.</strong></span> <span class='ocrx_word' id='word_1_340' title='bbox 453 3892 493 3901; x_wconf 99' lang='lat'><em>-</em></span> <span class='ocrx_word' id='word_1_341' title='bbox 516 3858 617 3916; x_wconf 86' lang='lat' dir='ltr'><strong>Ficus</strong></span> <span class='ocrx_word' id='word_1_342' title='bbox 640 3877 737 3933; x_wconf 90' lang='lat' dir='ltr'><strong>aqua,</strong></span> <span class='ocrx_word' id='word_1_343' title='bbox 762 3861 831 3916; x_wconf 90' lang='lat' dir='ltr'><strong>ciuis</strong></span> <span class='ocrx_word' id='word_1_344' title='bbox 854 3862 922 3934; x_wconf 85' lang='lat' dir='ltr'><strong>ligni</strong></span> <span class='ocrx_word' id='word_1_345' title='bbox 944 3865 1004 3934; x_wconf 89' lang='lat' dir='ltr'><strong>ejus</strong></span> <span class='ocrx_word' id='word_1_346' title='bbox 1028 3862 1115 3919; x_wconf 87' lang='lat' dir='ltr'><strong>effusa</strong></span> <span class='ocrx_word' id='word_1_347' title='bbox 1139 3863 1246 3919; x_wconf 88' lang='lat' dir='ltr'><strong>confert</strong></span> 
     </span>
     <span class='ocr_line' id='line_1_40' title="bbox 188 3944 1245 4004; baseline 0.006 -6"><span class='ocrx_word' id='word_1_348' title='bbox 188 3945 281 3999; x_wconf 89' lang='lat' dir='ltr'><strong>nervis</strong></span> <span class='ocrx_word' id='word_1_349' title='bbox 304 3944 448 4002; x_wconf 82' lang='lat' dir='ltr'><strong>dolorosis</strong></span> <span class='ocrx_word' id='word_1_350' title='bbox 472 3978 513 3986; x_wconf 92' lang='lat'><em>-</em></span> <span class='ocrx_word' id='word_1_351' title='bbox 536 3944 672 4002; x_wconf 86' lang='lat' dir='ltr'><strong>Fessire</strong></span> <span class='ocrx_word' id='word_1_352' title='bbox 694 3947 711 4001; x_wconf 94' lang='lat' dir='ltr'><strong>i.</strong></span> <span class='ocrx_word' id='word_1_353' title='bbox 730 3962 753 4001; x_wconf 92' lang='lat' dir='ltr'><strong>e.</strong></span> <span class='ocrx_word' id='word_1_354' title='bbox 777 3947 841 4002; x_wconf 89' lang='lat' dir='ltr'><strong>vitis</strong></span> <span class='ocrx_word' id='word_1_355' title='bbox 865 3947 928 4004; x_wconf 91' lang='lat' dir='ltr'><strong>alba</strong></span> <span class='ocrx_word' id='word_1_356' title='bbox 943 3946 1030 4003; x_wconf 87' lang='lat' dir='ltr'><strong>bibita</strong></span> <span class='ocrx_word' id='word_1_357' title='bbox 1045 3951 1073 4003; x_wconf 89' lang='lat' dir='ltr'><strong>et</strong></span> <span class='ocrx_word' id='word_1_358' title='bbox 1087 3948 1166 4004; x_wconf 89' lang='lat' dir='ltr'><strong>linita</strong></span> <span class='ocrx_word' id='word_1_359' title='bbox 1181 3965 1245 4004; x_wconf 92' lang='lat' dir='ltr'><strong>con-</strong></span> 
     </span>
     <span class='ocr_line' id='line_1_41' title="bbox 189 4027 1243 4103; baseline 0.005 -21"><span class='ocrx_word' id='word_1_360' title='bbox 189 4027 242 4083; x_wconf 91' lang='lat' dir='ltr'><strong>fert</strong></span> <span class='ocrx_word' id='word_1_361' title='bbox 261 4028 427 4103; x_wconf 86' lang='lat' dir='ltr'><strong>paralyticis.</strong></span> <span class='ocrx_word' id='word_1_362' title='bbox 452 4063 492 4071; x_wconf 91' lang='lat'><em>-</em></span> <span class='ocrx_word' id='word_1_363' title='bbox 515 4030 603 4087; x_wconf 85' lang='lat' dir='ltr'><strong>Faex</strong></span> <span class='ocrx_word' id='word_1_364' title='bbox 619 4031 684 4086; x_wconf 91' lang='lat' dir='ltr'><strong>olei</strong></span> <span class='ocrx_word' id='word_1_365' title='bbox 700 4030 880 4103; x_wconf 89' lang='lat' dir='ltr'><strong>olivarum,</strong></span> <span class='ocrx_word' id='word_1_366' title='bbox 904 4031 968 4088; x_wconf 84' lang='lat' dir='ltr'><strong>faex</strong></span> <span class='ocrx_word' id='word_1_367' title='bbox 984 4033 1038 4088; x_wconf 89' lang='lat' dir='ltr'><strong>olei</strong></span> <span class='ocrx_word' id='word_1_368' title='bbox 1053 4033 1088 4089; x_wconf 89' lang='lat' dir='ltr'><strong>de</strong></span> <span class='ocrx_word' id='word_1_369' title='bbox 1104 4033 1162 4088; x_wconf 93' lang='lat' dir='ltr'><strong>lilio</strong></span> <span class='ocrx_word' id='word_1_370' title='bbox 1179 4050 1243 4089; x_wconf 91' lang='lat' dir='ltr'><strong>con-</strong></span> 
     </span>
    </p>
   </div>
   <div class='ocr_carea' id='block_1_4' title="bbox 0 0 1469 5616">
    <p class='ocr_par' dir='ltr' id='par_1_4' title="bbox 0 0 1469 5616">
     <span class='ocr_line' id='line_1_42' title="bbox 0 0 1469 5616; baseline 0 0"><span class='ocrx_word' id='word_1_371' title='bbox 0 0 1469 5616; x_wconf 95' lang='lat' dir='ltr'><strong> </strong></span> 
     </span>
    </p>
   </div>
  </div>
 </body>
</html>
