2932 5626
636 511 845 574 -40..

207 702 314 743 vocem.
332 717 372 726 -
388 684 526 741 Gumma
541 683 645 741 albocir
659 677 850 759 (albotin)¹⁰⁴)
867 688 909 742 est
923 684 997 742 bona
1012 684 1152 742 ulceribus
1163 683 1271 759 pulmo·

208 773 251 827 nis
275 770 477 827 consolidando
501 772 529 827 et
549 768 721 825 inviscando.
756 800 797 811 —
832 768 1019 827 Galbanum
1042 771 1151 827 confert
1172 771 1272 827 asmati

208 859 237 913 et
259 855 331 912 tussi
359 856 498 929 antiquae.
532 886 573 896 —
611 853 721 910 Grana
748 855 817 911 costi
842 856 962 912 maxime
987 853 1179 930 mundat(iv)a
1205 859 1271 912 sunt
1359 878 1363 890 ·

208 941 315 1016 pectori
336 940 410 998 bona
427 943 455 997 et
469 940 568 997 tussim
582 938 722 996 leniendo.
745 971 787 981 -—
810 939 991 997 Granatum
1005 940 1105 997 dulce
1119 940 1189 997 lenit
1202 956 1270 1013 pec-

208 1030 254 1082 tus
277 1029 305 1083 et
328 1025 474 1082 confortat.
498 1057 539 1066 -
562 1024 670 1081 Hasce
692 1026 711 1080 i.
728 1041 752 1080 c.
776 1035 882 1100 ysopus
898 1025 1031 1082 silvestris
1046 1027 1144 1101 pectus
1158 1024 1271 1083 mundi÷

208 1110 275 1166 fleat
296 1111 490 1184 abstergendo.
521 1141 562 1150 —
593 1109 746 1166 Hirundo
769 1108 869 1167 adusta
890 1109 998 1167 confert
1019 1111 1204 1185 squinanciae.
1228 1143 1270 1152 -

208 1197 304 1252 lrocs
332 1195 449 1269 expellit
480 1195 685 1268 superfluitates
713 1198 862 1269 apectcre
890 1195 1059 1253 subtiliando
1080 1195 1270 1268 vehementer,

206 1282 274 1337 item
284 1280 360 1336 Ras,
377 1281 405 1336 in
422 1279 606 1336 divisionibus
611 1299 619 1348 ;
637 1279 686 1336 sed
698 1279 800 1336 uvulae
812 1283 902 1336 nocet.
916 1312 957 1323 —
968 1281 987 1336 J
991 1282 1189 1354 usquiamus
1201 1297 1270 1337 con·

207 1366 261 1423 fert
277 1368 359 1439 sputo
377 1366 521 1438 sanguinis
537 1364 676 1439 superfluo
692 1367 720 1421 et
735 1366 846 1438 proprie
861 1365 973 1438 quaudo
989 1382 1074 1422 causa
1088 1369 1130 1423 est
1143 1365 1271 1422 caliditas

208 1452 273 1524 quia
287 1450 428 1524 infrigidat
444 1453 472 1506 et
487 1451 658 1523 constringit.
672 1481 710 1489 —
724 1449 742 1504 J
748 1467 766 1504 u
768 1449 873 1522 jubae
889 1448 1034 1507 confenmt
1044 1451 1151 1524 pectori
1165 1453 1193 1508 et
1207 1450 1272 1525 pul-

207 1537 282 1592 moni
304 1535 444 1592 leniendo.
468 1567 510 1582 —
531 1533 662 1591 Karabe
677 1533 805 1608 prohibet
820 1538 933 1609 sputum
949 1537 1091 1609 sanguinis
1113 1535 1204 1593 valde.
1228 1567 1271 1578 —-

206 1618 417 1677 Kamedreos
440 1619 547 1676 confert
561 1620 631 1675 tussi
653 1620 792 1693 antiquae.
817 1651 858 1661 -
881 1618 1070 1694 [Kasangnem
1091 1621 1109 1676 i.
1126 1636 1152 1677 e.
1174 1620 1273 1694 lingua

207 1704 301 1762 bovis:
326 1706 386 1777 ejus
402 1706 557 1778 proprietas
580 1707 623 1761 est
636 1703 786 1761 laetificare
805 1707 833 1762 et
847 1706 988 1762 tristitiam
1001 1699 1213 1780 removere.]⁹⁵)
1229 1737 1272 1748 -

206 1790 335 1846 Litium
350 1789 457 1846 confert
478 1793 560 1864 sputo
583 1790 733 1862 sanguinis
758 1821 799 1830 -
822 1789 887 1846 Lac
909 1790 1044 1848 muliebre
1061 1790 1168 1847 confert
1189 1790 1273 1848 valde

207 1875 390 1948 consumptis.
403 1906 444 1916 —
456 1874 576 1931 butum
588 1874 740 1948 sigillatum
754 1878 901 1931 conservat
911 1876 1019 1933 viscera
1030 1878 1058 1932 et
1070 1875 1177 1932 confert
1188 1878 1273 1949 sputo

207 1961 351 2034 sanguinis
367 1959 533 2016 exsiccando
548 1960 639 2030 ulcus,
661 1960 726 2032 quia
741 1959 895 2016 secundum
911 1960 1006 2016 Avic.
1023 1960 1062 2014 ΙΙΙ
1077 1976 1138 2035 cap.
1154 1960 1190 2017 de
1205 1976 1274 2016 cura

208 2044 333 2101 ulcerum
347 2045 469 2101 exsiccat
483 2046 547 2118 plus
568 2060 650 2118 quam
674 2044 759 2100 aliud.
783 2045 966 2100 -Lutum
988 2060 1119 2102 armen:
1142 2045 1273 2119 prohibet

208 2129 316 2185 fluxum
338 2131 480 2202 sanguinis
509 2132 537 2186 et
564 2130 659 2203 ptisim
681 2129 857 2186 exsiccando.
891 2161 931 2172 -
964 2129 1138 2186 Ladanum
1164 2130 1273 2188 confert

207 2216 278 2271 tussi
300 2215 366 2287 quia
383 2213 539 2271 secundum
558 2214 650 2270 Avic.
667 2213 704 2268 lll
727 2214 761 2270 de
784 2230 850 2270 cura
863 2215 989 2271 ulcerum
1004 2216 1126 2272 exsiccat
1140 2214 1270 2272 multum.

208 2331 249 2340 -
282 2294 414 2378 hinguaj
436 2301 557 2356 arietis
587 2298 693 2355 confert
719 2302 802 2373 sputo
829 2301 971 2373 sanguinis
1002 2299 1215 2374 constringendo
1243 2304 1273 2358 et

209 2401 272 2441 cum
294 2384 416 2441 lentibus
438 2384 545 2441 confert
567 2385 676 2440 asmati.
700 2414 740 2426 ——
763 2383 826 2440 Lac
849 2386 1024 2441 asininum
1046 2387 1074 2442 et
1096 2386 1272 2458 caprinum

209 2468 356 2525 conferunt
377 2470 457 2536 tussi,
481 2468 644 2526 ulcerationi
665 2468 815 2543 pulmoniS,
839 2471 1033 2527 extenuatioui
1053 2472 1082 2526 et
1102 2472 1186 2543 sputo
1208 2487 1273 2526 sau-

208 2555 299 2626 guinis
321 2552 528 2610 mundifioaudo
551 2556 580 2610 et
601 2554 773 2611 inviscando.
805 2586 847 2595 -
877 2554 1000 2611 Lilium
1023 2553 1130 2612 confert
1151 2553 1273 2612 difficul-

208 2640 258 2694 tati
280 2638 419 2696 hanelitus
442 2641 470 2694 et
484 2639 605 2694 maxime
627 2640 688 2712 ejus
710 2639 790 2695 radix
805 2638 1000 2713 abstergendo.
1022 2671 1064 2681 -—
1086 2633 1274 2713 Liquiritia

209 2721 342 2780 clarificat
368 2739 467 2780 vocem
494 2722 701 2779 mundificando
729 2723 859 2781 leniendo
889 2741 1005 2780 cannam
1032 2727 1060 2781 et
1080 2724 1188 2782 confert
1208 2725 1273 2800 pul-

208 2808 292 2864 moni.
318 2839 358 2850 -
380 2807 531 2864 Lactuca
552 2806 596 2864 lac
615 2807 785 2882 multiplicat
799 2809 956 2882 generando
979 2811 1144 2884 sanguinem
1165 2808 1273 2867 bonum

210 2894 338 2966 quamvis
354 2894 390 2948 sit
404 2892 512 2966 frigida.
536 2924 577 2934 —
601 2892 728 2949 Laurus
751 2893 857 2950 confert
876 2893 1037 2950 difficultati
1051 2894 1191 2951 hanelitus
1207 2911 1273 2952 cum

209 2977 292 3034 melle
314 2977 483 3034 removendo
506 2977 648 3052 superflua
669 2978 704 3033 ad
727 2977 887 3052 pulmonem
911 2980 1060 3036 venientia.
1093 3010 1132 3021 —-
1167 2979 1273 3038 Linus

210 3061 317 3119 confert
338 3064 410 3118 tussi
431 3065 544 3136 propter
566 3078 645 3118 suam
661 3061 839 3120 dulcedinem
854 3067 882 3120 et
895 3063 985 3120 fluxui
1000 3064 1142 3136 sanguinis
1157 3067 1274 3139 propter

210 3164 288 3203 suam
312 3148 521 3221 styptioitatem.
545 3179 587 3188 —
609 3145 734 3204 Mastix
756 3147 864 3205 confert
883 3149 954 3204 tussi
976 3151 1004 3205 et
1019 3151 1101 3224 sputo
1116 3150 1271 3222 sanguinis.

209 3231 366 3289 Mummia
381 3231 511 3307 prohibet
527 3234 641 3306 sputum
655 3234 798 3305 sanguinis
814 3250 848 3290 ex
864 3233 1004 3306 pulmone.
1022 3266 1063 3275 —
1078 3231 1215 3307 Myrrha
1229 3238 1275 3292 cst

209 3317 284 3375 bona
299 3318 372 3373 tussi
387 3318 517 3391 antiquae
532 3320 561 3373 et
583 3315 716 3373 clarificat
737 3333 836 3374 vocem
850 3316 1035 3391 abstergendo
1051 3320 1079 3374 et
1101 3319 1125 3374 si
1148 3318 1199 3376 sub
1215 3317 1273 3375 lin·

209 3419 264 3476 gua
292 3405 401 3459 retenta
426 3401 637 3475 transglutiatur
665 3418 761 3458 reuma
785 3403 935 3477 intercipit.
970 3434 1011 3444 —
1044 3402 1111 3459 Mel
1133 3404 1157 3459 si
1178 3419 1215 3459 ex
1237 3420 1274 3461 eo

208 3487 335 3564 palatum
357 3487 471 3543 liniatur
493 3487 601 3544 confert
614 3486 823 3560 praelocutioni.
846 3518 887 3528 —
909 3487 935 3543 N
940 3488 1014 3544 ucis
1038 3488 1147 3545 corticis
1169 3503 1274 3546 succus

209 3574 395 3646 gargarizatus
424 3571 553 3646 prohibet
581 3571 823 3645 praefocationem.
859 3603 899 3615 -
933 3572 1040 3629 Nucis
1074 3572 1167 3629 oleum
1200 3574 1275 3631 anti·

211 3674 296 3731 quum
318 3657 384 3713 facit
405 3657 530 3714 dolorem
551 3657 656 3730 gutturi
683 3661 711 3713 et
736 3658 857 3712 maxime
883 3673 986 3712 nucum
1014 3657 1198 3731 antiquarum.
1229 3689 1275 3701 -

209 3741 422 3798 Nasturtium
445 3742 552 3800 confert
573 3743 672 3797 asmati
693 3741 841 3798 incidendo
864 3741 1034 3798 subtiliando
1057 3745 1085 3798 et
1106 3740 1275 3816 pulmonem

210 3826 425 3885 mundificando.
462 3859 503 3869 —
535 3825 702 3883 Nenufar:
731 3828 791 3899 ejus
819 3842 937 3900 syrupus
965 3829 1009 3883 est
1036 3826 1127 3883 bonus
1149 3828 1221 3883 tussi
1245 3832 1278 3886 et

211 3909 348 3984 pleuresi3
376 3914 419 3967 est
440 3914 514 3968 enim
538 3911 724 3970 subtiliativus
746 3911 837 3981 valde,
861 3911 935 3969 unde
958 3914 1002 3968 est
1027 3911 1201 3968 vehementis
1224 3912 1280 3970 ab·

212 3996 354 4051 stersionis
377 3999 405 4052 et
426 3996 600 4072 infrigidaus‚
624 3998 648 4054 si
663 4013 746 4053 causa
761 3999 804 4053 est
819 3995 918 4052 calida.
940 4027 982 4037 -
1004 3995 1141 4070 Nigella
1163 3996 1278 4057 confert
