2924 5616
697 623 910 686 ,44-

272 801 401 857 aluminis
428 801 469 856 dr.
491 796 562 882 272,
596 800 752 858 balaustiae
778 798 819 854 dr.
837 798 869 868 3,
897 799 967 872 opii,
994 797 1157 856 reubarbari
1183 807 1219 857 aa
1245 802 1286 858 dr.
1307 804 1336 876 2,

271 885 341 942 liant
362 885 492 942 trochisci
517 887 569 956 10,
596 886 678 942 detur
704 900 777 939 unus
799 882 900 939 cotidie
923 899 986 938 cum
1008 899 1091 941 succo
1114 887 1199 942 ozimi
1220 890 1335 959 majoris

271 973 323 1130 pplt)
342 987 425 1131 sipppp
447 971 617 1098 portulacae,
639 971 729 1045 primo
743 971 837 1026 tamen
863 967 913 1024 liat
934 967 1094 1024 flebotomia
1116 969 1207 1042 (Res.
1224 972 1264 1028 IX
1286 974 1332 1032 Al.

414 1269 503 1326 lstac
526 1271 605 1325 sunt
626 1267 817 1325 medicinae
839 1266 932 1323 cordi
954 1265 1182 1324 conferentes:

356 1395 476 1453 Ambra
498 1396 605 1453 confert
620 1395 698 1452 cordi
719 1397 748 1451 θῖ
770 1397 812 1451 θεῖ
828 1393 925 1451 calida.
950 1425 991 1434 -
1014 1393 1199 1466 Argentum
1222 1396 1331 1455 confert

271 1482 384 1537 tremori
406 1481 496 1538 cordis
519 1483 547 1537 et
568 1484 611 1538 θεῖ
633 1483 827 1555 temperatum.
862 1511 902 1521 -
936 1479 1061 1534 Aurum
1087 1479 1194 1537 confert
1215 1483 1332 1540 tremori

198 1609 200 1612 >
271 1565 362 1622 cordis
385 1568 413 1622 θῖ
434 1565 523 1623 dolori
545 1568 606 1639 ejus
629 1568 658 1623 et
679 1568 722 1622 θεῖ
743 1567 937 1639 temperatum.
968 1595 1005 1604 -
1034 1563 1228 1621 Acetositas
1251 1568 1330 1625 citri

270 1651 350 1707 sedat
371 1650 495 1708 dolorem
518 1652 609 1708 cordis
631 1651 766 1719 calidum3
788 1650 864 1708 idem
885 1649 952 1705 facit
973 1651 1069 1705 cortex
1091 1651 1152 1705 citri
1173 1648 1330 1710 secunduln

270 1735 357 1791 Hali.
383 1768 419 1777 —
444 1736 617 1810 Alkubugi
639 1738 657 1792 i.
674 1753 698 1792 c.
715 1735 816 1791 alauda
831 1738 933 1809 capnta
948 1734 1086 1803 calefacit3
1110 1751 1172 1791 caro
1195 1737 1257 1808 ejus
1280 1739 1330 1794 ab·

269 1821 366 1894 stergit
387 1838 435 1877 cor
456 1825 484 1878 et
506 1823 612 1878 confert
633 1823 662 1877 iu
684 1825 831 1878 tremorem
854 1821 944 1876 cordis
968 1818 1103 1889 calidum3
1136 1819 1222 1877 habet
1251 1825 1328 1880 enim

268 1907 465 1980 proprietatem
496 1908 525 1962 iu
559 1907 610 1962 hac
636 1923 666 1963 re
690 1909 805 1980 propter
831 1905 1011 1979 frigiditatem
1036 1921 1104 1960 suae
1126 1906 1329 1980 complexionis

268 1987 375 2067 (Ario.
392 1991 431 2046 ΠΙ
453 2008 513 2065 cap.
531 1991 565 2048 de
580 2008 647 2047 cura
660 1992 786 2048 tremoris
804 1990 915 2064 cordis).
939 2022 981 2030 —
1002 1989 1169 2062 Buglossa
1190 1993 1209 2046 i.
1226 2008 1251 2047 θ.
1274 1993 1328 2050 lin-

268 2092 324 2148 gua
344 2075 425 2132 bovis
452 2093 523 2150 quae
550 2079 635 2133 etiam
667 2080 783 2132 vocatur
807 2076 966 2149 besangnen
994 2073 1126 2130 laetificat
1151 2090 1199 2131 cor
1226 2080 1255 2133 θῖ
1279 2081 1329 2135 tn'-

269 2162 373 2216 stitiam
394 2165 518 2218 removet
539 2165 568 2217 θῖ
589 2164 632 2218 θεῖ
652 2164 815 2236 temperata.
851 2193 891 2202 —
924 2159 1053 2233 Borago
1079 2176 1150 2233 quae
1172 2163 1328 2220 secundum

269 2244 347 2301 Hali
366 2240 406 2300 11⁰
435 2248 573 2320 practicae
594 2249 710 2303 vocatur
747 2246 872 2317 corodar,
906 2262 953 2302 cor
984 2243 1127 2300 exhilarat.
1165 2277 1200 2287 -
1237 2247 1328 2306 Been

267 2333 416 2404 utrunque
436 2335 480 2388 θεῖ
499 2331 637 2388 medicina
652 2331 781 2389 cordialis
796 2331 894 2388 calida.
918 2361 959 2370 -
981 2329 1159 2386 Basilicon
1182 2335 1225 2387 est
1238 2334 1328 2391 medi-

268 2416 331 2471 cina
353 2415 444 2473 calida
465 2416 564 2473 cordis.
589 2449 627 2457 -
653 2415 808 2474 Coralius
830 2415 966 2472 confortat
981 2431 1028 2470 cor
1048 2417 1076 2470 ct
1091 2415 1198 2473 confert
1212 2420 1327 2476 tremori

268 2501 329 2571 ejus
352 2504 380 2557 et
402 2505 445 2558 θεῖ
466 2501 557 2557 calida
576 2501 685 2575 frigida.
709 2534 749 2542 —
773 2501 898 2558 Crocus
921 2498 1059 2556 confortat
1081 2516 1129 2555 cor
1149 2500 1326 2562 laetificando

265 2587 359 2659 ipsum
381 2589 409 2642 et
429 2590 473 2643 θεῖ
494 2586 608 2642 calidus.
633 2621 674 2629 —
697 2586 865 2642 Ciminum
884 2584 992 2642 confert
1006 2584 1095 2641 dolori
1109 2585 1200 2642 cordis
1220 2587 1324 2660 frigidi.

267 2701 310 2711 -
332 2670 568 2728 Calamentum
589 2671 735 2728 odoratum
756 2672 983 2746 syncopiaantcm
1004 2670 1119 2725 relevet.
1153 2703 1195 2712 -
1228 2672 1326 2730 Gala·

267 2758 413 2812 mentum
434 2757 571 2812 hircinum
594 2756 700 2814 confert
720 2758 833 2813 tremori
859 2755 958 2812 cordis.
992 2785 1033 2794 -
1067 2753 1325 2816 Oardamomum

267 2844 310 2896 θεῖ
330 2841 459 2897 cordialis
482 2841 581 2897 calida.
604 2873 646 2883 -—
670 2841 804 2898 Oubebc
831 2844 873 2898 θεῖ
895 2839 1035 2910 cordialis,
1058 2840 1109 2895 cal.
1135 2872 1170 2880 -
1197 2841 1324 2901 Oarabe

266 2929 310 2981 θεῖ
331 2926 457 2982 cardialis
479 2925 581 2998 frigida
602 2928 630 2982 θῖ
655 2927 762 2983 confert
787 2927 901 2982 tremori
926 2924 1026 2980 cordis.
1061 2957 1102 2966 -
1135 2925 1325 3001 (lamphora

266 3013 309 3065 θεῖ
330 3010 459 3066 cardialis
480 3010 589 3083 frigida,
617 3043 658 3054 -
687 3011 906 3068 coriandrum
928 3013 971 3066 est
993 3009 1120 3065 cordialis
1142 3011 1252 3084 frigida.
1281 3046 1323 3055 —

265 3093 436 3153 llmblicus
458 3095 697 3168 myrobalanus
723 3096 861 3152 confortat
889 3111 937 3152 cor
962 3098 990 3150 et
1012 3094 1138 3151 subtiliat
1158 3099 1187 3151 θῖ
1207 3097 1325 3171 praebet

265 3184 445 3253 augmentum
467 3184 496 3236 ct
516 3180 700 3239 intellectum.
722 3213 763 3223 —
786 3180 894 3237 llnula
915 3181 958 3236 θεῖ
980 3179 1109 3236 cordialis
1131 3181 1223 3237 calida
1244 3185 1272 3238 ct
1293 3185 1324 3240 in

264 3264 318 3320 hoc
333 3269 376 3321 θεῖ
390 3264 523 3322 mirabilis
538 3264 647 3338 (Ario.
660 3266 699 3322 111
712 3267 777 3324 vide
792 3266 827 3322 de
842 3264 917 3338 hoc).
941 3296 982 3305 -
1004 3261 1252 3341 Gariofilus¹¹⁰)
1276 3285 1324 3325 cor

264 3349 411 3421 confortat,
433 3352 559 3406 animum
580 3350 716 3406 exhilarat
737 3354 765 3408 θῖ
783 3353 880 3423 jocum
901 3349 949 3405 dat
964 3349 1117 3406 secundum
1133 3349 1210 3407 Hali
1230 3353 1261 3407 in
1281 3348 1322 3408 11⁰

264 3451 348 3507 quem
362 3437 443 3491 vocat
460 3434 638 3508 „altimifcl“‚
654 3437 722 3492 item
737 3453 785 3493 cor
797 3435 865 3491 facit
879 3434 1025 3491 robustum
1036 3434 1190 3491 secundum
1200 3436 1274 3493 Ras.
1283 3437 1322 3493 III

263 3519 323 3587 Al.;
346 3522 412 3576 item
434 3522 478 3576 est
499 3519 581 3576 valde
600 3520 734 3577 mirabilis
755 3523 784 3576 iu
806 3520 859 3576 hoc
874 3519 1028 3577 secundum
1048 3520 1129 3575 Avic.
1145 3520 1186 3575 III
1207 3521 1242 3578 de
1257 3522 1320 3579 hoc.

264 3636 306 3645 -
339 3604 544 3662 Gariofilata
572 3605 679 3662 confert
706 3607 820 3662 tremori
845 3604 935 3660 cordis
958 3621 994 3660 ex
1014 3604 1143 3678 flegmate
1166 3609 1194 3661 ct
1216 3606 1322 3663 melan-

265 3689 355 3745 cholia
383 3694 412 3746 ct
437 3689 508 3744 hanc
535 3693 618 3745 vocat
644 3690 785 3745 Avic.111
812 3689 1001 3766 „salaminis“.
1038 3721 1074 3730 —
1111 3689 1320 3763 Hyacinthus

263 3773 432 3848 (iacinctus)
454 3776 497 3830 θεῖ
519 3772 647 3830 cordialis
669 3778 831 3849 temperata.
865 3806 907 3816 -
939 3773 1042 3831 Linus
1065 3774 1202 3831 confortat
1224 3793 1272 3832 cor
1293 3781 1322 3833 ct

263 3859 353 3915 aufert
371 3863 518 3915 tremorem
540 3859 640 3916 cordis.
664 3891 705 3901 —
728 3860 856 3932 Lingua
877 3861 950 3915 avis
972 3859 1078 3916 confert
1093 3862 1206 3916 tremori
1220 3862 1319 3918 cordis.

262 3976 304 3984 -
327 3943 448 3999 Lutum
471 3944 661 4016 sigillatum
683 3948 726 4000 est
740 3943 869 4000 cardialis
883 3943 993 4017 frigida.
1016 3976 1058 3985 -
1080 3943 1236 4001 llummia
1257 3963 1322 4008 cum

264 4029 363 4084 cimino
387 4044 480 4083 amcos
503 4032 531 4084 et
553 4030 629 4084 carri
650 4029 757 4086 confert
774 4030 889 4086 tremori
909 4029 1009 4085 cordis.
1032 4062 1072 4071 -
1095 4028 1233 4087 llelissa
1255 4048 1320 4088 con-

266 4113 320 4169 fert
342 4111 418 4169 cordi
440 4111 581 4184 (Raslll
601 4113 660 4188 Al.)
690 4118 718 4170 et
740 4117 783 4170 θεῖ
804 4113 933 4170 cardialis
954 4113 1007 4170 cal.
1040 4145 1082 4155 -
1114 4113 1250 4172 lluscue
1277 4120 1321 4174 θεῖ
