2932 5626
630 463 859 527 -114-

221 653 324 711 ponere
351 637 501 694 medicinas
525 640 554 693 ut
576 639 644 694 sciat
664 638 780 694 virtutes
802 638 1001 694 medicinarum
1022 637 1190 712 simplicium
1211 654 1267 694 non

220 726 328 778 tantum
349 725 504 797 cognitione
525 723 675 780 universali
698 725 747 779 sed
769 725 852 780 etiam
875 725 1030 798 cognitione
1052 725 1181 799 speciali,
1210 741 1267 781 non

220 810 293 864 enim
308 808 411 865 sufficit
426 807 501 881 quod
516 811 585 865 sciat
599 809 674 882 quod
689 809 825 865 medicina
840 813 882 866 est
901 810 999 881 calida,
1022 809 1130 884 frigida,
1152 809 1269 866 humida

197 892 199 895 ’
219 894 264 951 vel
287 896 372 966 sicca,
402 895 553 951 abstersiva
575 895 620 951 vel
642 896 787 968 aperitiva,
816 895 865 952 sed
887 898 995 969 oportet
1017 900 1048 951 ut
1069 897 1138 951 sciat
1158 897 1187 950 in
1210 912 1265 968 qno

220 980 307 1053 gradu
329 980 482 1037 medicinae
503 980 610 1054 faciunt
631 980 681 1036 has
705 983 885 1055 operationes,
910 984 1001 1037 utrum
1023 981 1127 1038 scilicet
1149 981 1267 1036 multum

219 1069 268 1121 aut
282 1083 380 1141 parum
393 1065 447 1122 hoc
468 1066 574 1122 faciunt
596 1067 743 1123 etiterum
765 1070 873 1141 oportet
895 1083 1060 1140 cognoscere
1081 1067 1156 1141 quod
1178 1083 1266 1123 mem·

218 1151 298 1208 brum
326 1168 396 1224 quae
423 1152 561 1208 medicina
586 1153 715 1225 respiciat
741 1155 768 1208 et
790 1155 881 1208 utrum
902 1151 972 1211 illud
995 1152 1121 1209 debiliter
1142 1156 1190 1208 aut
1210 1153 1266 1207 for-

221 1238 285 1294 titer
306 1238 447 1311 respiciat:
476 1240 504 1293 et
525 1241 636 1312 propter
657 1237 710 1294 hoc
732 1241 879 1311 antequam
901 1237 936 1294 de
959 1239 1156 1312 compositione
1178 1238 1266 1295 medi-

219 1323 340 1379 cinarum
363 1323 529 1396 simplicium
550 1326 712 1394 tractemus,
737 1325 921 1397 cognitionem
944 1323 1092 1395 cujuslibet
1112 1323 1266 1380 medicinae

219 1408 351 1482 simplicis
366 1410 557 1482 praemisimus
572 1409 677 1465 areolas
692 1408 856 1480 ordinando,
877 1410 917 1465 ita
931 1409 1006 1483 quod
1019 1411 1048 1464 in
1067 1410 1155 1483 prima
1173 1409 1266 1466 areola

218 1495 338 1568 cognitio
365 1494 562 1551 medicinarum
588 1496 739 1550 communis
767 1494 964 1551 determinatur
989 1498 1017 1551 et
1037 1497 1150 1551 vocatur
1172 1495 1265 1551 areola

217 1582 427 1653 proprietatum3
454 1581 483 1635 in
505 1581 566 1636 aliis
588 1580 687 1637 areolis
710 1580 825 1655 speciali
847 1581 1003 1654 cognitione
1022 1579 1198 1653 indagantur,
1220 1582 1264 1635 in-

218 1665 345 1740 cipiendo
374 1683 390 1721 a
416 1666 559 1722 medicinis
587 1667 682 1740 capitis
708 1683 759 1741 per
785 1666 892 1740 singula
914 1665 1106 1723 descendendo
1128 1667 1167 1722 ita
1189 1664 1264 1739 quod

217 1750 357 1824 quaelibet
388 1751 480 1808 areola
511 1753 652 1825 proprium
683 1768 785 1808 nornen
809 1751 925 1808 membri
947 1753 1066 1808 sortitur.
1110 1751 1174 1807 Istis
1197 1767 1263 1824 ergo

216 1836 373 1910 praelibatis
385 1835 420 1892 ad
432 1838 659 1911 compositionem
670 1837 867 1893 medicinarum
878 1839 1031 1894 veniamus.
1066 1837 1154 1892 Causa
1169 1839 1263 1893 autem

218 1939 301 1995 quare
317 1924 469 1996 composita
482 1922 619 1978 medicina
640 1925 750 1994 utimur,
773 1924 928 1979 necessario
951 1925 994 1980 est
1013 1922 1167 1997 multiplex.
1201 1922 1265 1978 Una

216 2023 299 2064 causa
318 2011 360 2064 est
379 2009 443 2081 quia
464 2007 536 2064 forte
557 2024 614 2063 non
635 2009 774 2064 iuvenitur
796 2008 888 2081 aliqua
908 2009 1046 2065 medicina
1067 2007 1186 2082 simplex
1207 2007 1264 2064 ele-

216 2096 279 2149 vata
311 2094 340 2148 iu
368 2093 455 2167 gradu
476 2093 524 2148 illo
546 2095 575 2149 in
598 2110 652 2167 quo
675 2093 798 2150 elevatur
819 2093 930 2150 morbus
952 2095 980 2149 in
1004 2095 1174 2168 oppositum,
1208 2110 1263 2166 qua

215 2178 250 2236 de
278 2195 362 2235 causa
386 2179 541 2253 indigemus
564 2181 760 2253 compositione
782 2182 814 2235 ut
836 2183 942 2236 certum
963 2179 1078 2254 gradum
1099 2179 1262 2235 habeamus.

215 2263 343 2321 Secunda
370 2281 453 2321 causa
480 2268 535 2336 est,
563 2266 628 2338 quia
649 2265 787 2339 aliquibus
808 2265 952 2322 medicinis
975 2267 1016 2321 uti
1037 2281 1093 2320 non
1114 2281 1263 2338 possumus

215 2351 269 2406 nisi
303 2367 366 2406 cum
398 2351 458 2406 aliis
490 2352 670 2422 misceantur,
703 2353 735 2407 ut
756 2353 798 2407 est
819 2351 913 2408 videre
935 2351 963 2407 in
986 2352 1133 2424 unguentis
1155 2353 1183 2406 ct
1204 2366 1262 2406 ern-

214 2436 333 2510 plastris.
372 2435 464 2493 Tertia
483 2453 567 2492 causa
589 2439 639 2508 est,
662 2439 694 2492 ut
713 2436 824 2492 malicia
846 2436 1014 2493 substantiae
1036 2437 1213 2510 proprietatis
1236 2439 1264 2492 et

213 2524 318 2595 saporis
345 2521 497 2578 medicinae
526 2525 693 2578 amoveatur.
744 2521 845 2589 Quarta
867 2539 950 2578 causa
976 2524 1018 2578 est
1039 2524 1152 2595 propter
1172 2522 1263 2579 morbi

213 2609 448 2682 compositionem,
471 2609 516 2663 cni
529 2607 666 2664 medicina
681 2607 800 2682 simplex
817 2625 873 2664 nou
893 2607 996 2665 sufficit
1018 2610 1046 2664 et
1065 2608 1120 2663 ista
1141 2609 1183 2663 est
1205 2624 1262 2663 uua

213 2692 247 2749 de
263 2695 352 2750 causis
367 2694 482 2767 magnis.
521 2693 622 2761 Quinta
637 2709 721 2750 causa
740 2697 782 2750 est
801 2696 832 2749 ut
852 2710 902 2768 per
924 2694 1150 2768 compositionem
1171 2692 1261 2749 forma

212 2781 365 2835 communis
380 2779 472 2853 aliqua
486 2782 640 2853 generetur,
663 2796 734 2853 quae
749 2781 876 2837 resistere
892 2779 983 2836 valeat
997 2778 1125 2835 omnibus
1145 2779 1260 2834 venenis

211 2868 239 2921 et
264 2865 390 2939 pluribus
416 2864 519 2922 morbis
547 2870 578 2921 ut
603 2867 716 2938 tyriaca.
770 2864 856 2923 Sexta
883 2881 966 2922 causa
991 2867 1019 2921 et
1046 2863 1143 2920 ultima
1165 2866 1207 2920 est
1230 2868 1262 2919 ut

211 2951 347 3006 medicina
383 2953 412 3007 in
450 2968 500 3007 sua
537 2952 694 3025 operatione
727 2953 755 3008 et
786 2952 952 3025 proprietate
985 2950 1161 3008 confortetur.
1224 2949 1261 3006 Et

211 3038 336 3109 quamvis
363 3037 418 3092 sint
443 3037 513 3093 aliae
540 3037 644 3093 multae
671 3053 785 3107 causae,
814 3039 908 3093 tamen
929 3037 998 3093 istae
1021 3038 1086 3091 sunt
1107 3036 1193 3107 magis
1216 3035 1259 3091 ia-

209 3138 311 3179 mosae.
350 3121 392 3177 Ex
407 3122 449 3178 his
467 3138 616 3197 possumus
632 3123 760 3197 colligere
776 3122 850 3197 quod
873 3123 1035 3196 compositio
1058 3121 1260 3178 medicinarum

210 3210 252 3263 est
273 3209 436 3265 neccssaria.

294 3423 367 3497 Cap.
384 3422 417 3478 ll.
462 3422 508 3479 De
529 3423 629 3480 modo
652 3423 907 3496 compositionis
929 3421 1173 3478 medicinarum

607 3508 857 3565 universaliter.

292 3635 371 3692 Nunc
386 3653 450 3693 vero
470 3636 613 3692 videamus
636 3636 749 3693 modum
771 3637 984 3710 compositionis.
1023 3634 1172 3692 Sciendum
1191 3650 1257 3708 ergo

207 3725 250 3778 est
276 3721 350 3795 quod
377 3723 538 3797 compositio
566 3722 764 3778 medicinarum
792 3721 945 3778 diversatur
972 3721 1124 3777 secundum
1146 3723 1258 3794 quanti-

207 3810 292 3864 tatem
324 3808 562 3882 apponendorum;
596 3807 744 3881 aliquando
777 3809 851 3863 enim
878 3807 912 3864 de
940 3824 996 3862 una
1021 3807 1084 3880 plus
1111 3823 1193 3879 quam
1222 3806 1258 3864 de

206 3892 260 3948 alia
291 3895 451 3967 apponitur,
486 3893 634 3967 aliquando
665 3910 680 3950 e
710 3894 856 3962 contrari03
891 3892 943 3949 hoc
968 3897 1060 3949 autem
1085 3890 1117 3947 fit
1144 3895 1259 3966 propter

205 3978 354 4036 effectuum
369 3997 438 4053 quos
452 3981 608 4052 quaerimus
624 3978 821 4036 diversitatem.
858 3977 901 4035 De
915 3978 968 4035 hac
983 3981 1075 4035 autem
1097 3977 1258 4036 diversitate
